3128 5208
656 481 694 544 ol

139 679 216 758 νόμον
238 681 381 762 διαρρήδην
402 678 587 762 ἀγορεύοντος
610 680 676 752 τοὺς
698 681 728 762 ἐν
751 681 791 759 τῷ
813 679 942 760 συνεδρίῳ
960 679 1153 761 λοιδοροῦντας
1174 681 1220 762 ζν-

137 798 211 868 ραοῦν
238 793 388 868 ἀκηκόατε
418 799 537 878 pugnat
560 813 630 856 cum
656 791 814 856 Demosth.
839 792 873 856 in
896 791 1024 856 Midiam
1047 793 1063 878 b
1086 793 1145 856 33:
1169 793 1218 856 sel

136 901 221 968 ταλνν
250 927 290 990 γε
320 904 368 970 τὸν
399 901 532 986 ἄρχονται
562 904 654 970 ταὺτὸ
685 910 787 979 τοῦτο,
823 905 874 970 ἐὰν
900 906 961 982 μὲν·
984 905 1219 987 ἐστεφανωμένον

135 1012 267 1097 νατοίξρς
292 1015 309 1092 ἢ
332 1021 429 1088 κακῶς
453 1015 550 1098 εἴπῃς,
574 1013 720 1098 ἄτιμος,
745 1036 807 1080 non
832 1015 916 1100 quod
934 1015 1010 1080 alter
1032 1017 1061 1082 ἐν
1081 1017 1219 1098 συνεδρίῳ,

135 1126 205 1190 alter
242 1125 482 1211 ἐστεφανωμένον
521 1126 603 1192 dicat
642 1148 704 1190 non
743 1127 833 1190 licere
869 1126 950 1192 laedi
985 1127 1198 1214 magistratum
1209 1154 1219 1206 3

134 1245 298 1324 utrumque
329 1239 411 1306 enirn
441 1237 633 1304 referendum
665 1238 703 1302 ad
733 1260 768 1301 aa
796 1239 959 1324 opprobria
985 1260 1063 1323 quae
1086 1240 1165 1305 fiunt
1188 1241 1220 1306 in

133 1351 264 1414 muneris
293 1349 452 1416 functione
481 1349 524 1432 (in
548 1371 609 1432 qua
634 1349 885 1434 interpretatione
909 1351 1006 1418 sciens
1031 1352 1179 1416 dissentio
1203 1375 1221 1416 a

133 1459 225 1526 Balsio
253 1468 287 1526 et
314 1459 533 1544 Hoelschero),
564 1459 616 1524 sed
646 1467 769 1545 propter
793 1481 908 1544 poenae
931 1461 1103 1526 discrimen.
1139 1463 1220 1528 Nam

132 1572 155 1636 si
175 1571 243 1658 lege
267 1573 318 1642 usi
339 1571 485 1648 fuissent,
510 1593 588 1655 quac
612 1579 659 1636 est
682 1570 764 1656 apud
787 1567 1174 1650 Demostlreuem,'archon
1190 1582 1220 1638 et

134 1685 256 1770 strategi
290 1705 354 1751 nou
384 1682 530 1748 mulctam
562 1681 796 1768 irrogavissent,
828 1682 882 1745 sed
905 1681 1028 1746 iufamia
1051 1684 1221 1750 notandum

132 1793 319 1880 Polyaenum
351 1802 519 1859 curassent.
567 1793 661 1858 Porro
692 1815 800 1879 parum
832 1793 989 1878 probabile
1021 1805 1066 1859 est
1089 1797 1220 1879 ταμίας,

133 1905 240 1988 quibus
264 1905 425 1992 provincia
447 1912 512 1969 crat
535 1904 675 1989 exigendi
698 1904 859 1990 pecuniam
876 1905 990 1969 aerario
1006 1905 1155 1985 debitam,
1172 1907 1221 1972 ius

133 2014 274 2082 habuisse
300 2016 472 2084 arcessendi
495 2023 660 2102 strategos,
689 2025 725 2081 ut
748 2016 780 2080 hi
805 2039 895 2081 suum
918 2017 1033 2080 factum
1056 2017 1130 2102 ipsis
1154 2041 1222 2105 pro·

132 2127 254 2208 barent,
280 2130 309 2194 si
331 2128 445 2194 vellent
467 2129 613 2194 mulctam
636 2129 703 2194 iure
726 2129 900 2215 impositam
923 2129 1020 2216 exigi,
1037 2130 1069 2194 in
1086 2153 1146 2215 quo
1161 2154 1222 2195 rne-

132 2237 185 2302 rito
216 2240 349 2306 offendit
380 2239 496 2305 Bakius
527 2263 557 2326 p.
590 2242 653 2304 245
685 2262 751 2324 sqq.
798 2239 908 2325 Itaque
937 2263 976 2305 ne
999 2239 1088 2326 plura
1111 2242 1220 2306 addam

131 2350 175 2432 (de
205 2354 223 2438 p
258 2356 300 2419 17
335 2351 397 2416 vid.
429 2352 519 2437 inira)
550 2360 657 2416 contra
679 2352 761 2436 leges
785 2353 938 2436 irrogatur
961 2353 1093 2447 mulcta,
1118 2363 1223 2420 contra

130 2461 207 2550 leges
239 2465 370 2532 inferior
400 2464 596 2549 magistratus
626 2463 770 2528 maiorem
803 2485 925 2529 cansam
956 2466 1035 2551 apud
1066 2489 1098 2530 se
1122 2466 1221 2530 dicere

130 2577 208 2660 cogit
215 2604 224 2655 3
254 2577 325 2661 quis
349 2575 500 2662 spondere
523 2575 634 2640 audeat
657 2597 719 2638 non
743 2575 883 2639 similiter
906 2586 1013 2640 contra
1035 2577 1132 2662 legem
1153 2601 1221 2641 auc·

131 2693 222 2754 torem
249 2686 433 2765 credidisse,
458 2709 520 2751 non
545 2686 625 2750 solos
653 2693 822 2769 strategos,
847 2685 900 2750 sed
917 2694 1064 2772 strategos
1082 2688 1219 2772 praeside

132 2807 182 2863 aut
210 2801 252 2866 ad
283 2822 334 2864 ecs
364 2799 512 2864 referente
544 2798 689 2862 archonte
714 2820 842 2883 poenam
866 2799 1029 2875 inflixisse3
1053 2807 1119 2863 tota
1142 2800 1219 2864 ratio

131 2908 234 2977 iudicii
262 2935 280 2976 a
303 2910 439 2995 legitima
463 2908 655 2994 aliquantum
680 2908 790 2973 differt.

171 3022 324 3089 Nondum
347 3021 443 3106 igitur
467 3021 556 3086 mitto
581 3030 795 3105 argumentum
821 3020 903 3104 quod
920 3029 1026 3086 contra
1041 3020 1220 3098 ρννρτνότντα

131 3135 276 3201 orationis
301 3156 337 3197 ex
361 3133 515 3196 archontis
540 3131 681 3196 Otesiclis
705 3133 857 3198 mentione
874 3133 1007 3216 petitur,
1025 3155 1122 3217 quum
1138 3156 1222 3217 prae·

131 3247 232 3311 sertim
259 3243 399 3309 Otesiclis
424 3264 503 3308 anno
517 3243 755 3328 expeditionem,
772 3244 810 3308 de
826 3267 887 3328 qua
903 3245 1015 3328 legitur
1031 3245 1114 3330 apud
1130 3245 1218 3310 Dein.

133 3356 181 3421 17.
202 3361 265 3434 20,
283 3355 321 3420 ab
339 3354 580 3420 Atheniensibus
596 3355 794 3420 constitutam
808 3379 864 3420 nec
883 3365 984 3419 tamen
1004 3355 1140 3420 effectam
1153 3379 1218 3420 esse

131 3467 330 3548 probabiliter
349 3465 490 3530 ostendat
510 3464 669 3544 Schaefer,
688 3466 908 3530 Demosthenes
924 3490 954 3530 u.
969 3468 1051 3532 scine
1064 3467 1143 3544 Zeit,
1156 3467 1218 3531 ΙΙΙ.

132 3598 159 3660 p.
188 3583 261 3659 lea,
279 3577 535 3663 quemadmodum
547 3601 586 3642 nc
599 3577 771 3662 Polyaenus
785 3578 908 3662 quidem
919 3579 951 3642 in
964 3585 1068 3642 nostra
1083 3579 1219 3643 oratioue

131 3701 198 3771 post
218 3691 373 3755 delectum
389 3689 535 3754 militasse
552 3688 675 3753 dicitur.
700 3688 733 3752 si
749 3711 839 3773 porro
856 3697 992 3766 constat,
1010 3691 1041 3754 in
1059 3690 1116 3753 hac
1128 3692 1220 3754 orati-

132 3819 192 3866 one·
202 3801 356 3886 quaedam
370 3802 486 3878 inesse,
504 3823 582 3886 quae
598 3801 711 3864 Atticis
727 3801 868 3885 genuinis
885 3809 939 3865 aut
951 3802 1099 3866 inusitata
1110 3811 1164 3866 aut
1175 3803 1221 3866 in·

132 3910 221 3978 solita
249 3913 327 3990 sint,
352 3913 386 3976 si
418 3935 507 3977 nemo
539 3911 679 3990 dubitat,
704 3914 780 3996 quin
803 3913 835 3976 in
861 3913 998 3998 syllogen
1022 3913 1220 3999 Lysiacarum

131 4025 304 4090 orationum
327 4024 420 4088 etiam
444 4023 560 4088 alienae
583 4022 686 4088 illatae
709 4023 839 4100 luerint,
864 4024 941 4090 nihil
967 4033 1079 4091 temere
1100 4027 1131 4090 in
1157 4051 1220 4091 ver-

131 4127 176 4198 bis
200 4135 383 4200 mutandum
406 4142 497 4220 puto,
525 4141 562 4199 ut
585 4136 683 4220 possit
706 4135 780 4200 haec
804 4137 901 4199 oratic
925 4135 1035 4221 Lysiae
1060 4137 1214 4202 vindicari.

133 4239 265 4311 Omnino
298 4267 360 4312 nou
391 4244 527 4310 dubitari
558 4252 677 4330 potest,
706 4245 778 4330 quin
804 4244 945 4310 collectio
970 4249 1143 4314 orationum
1167 4249 1219 4314 ali-

134 4366 245 4438 quanto
270 4365 338 4442 post
361 4359 490 4422 oratoris
515 4365 640 4421 mortem
667 4359 707 4422 sit·
730 4359 827 4435 facta,
846 4358 982 4444 syllogen
999 4361 1080 4425 enim
1097 4362 1217 4445 abipso

134 4465 266 4534 relictam
291 4491 353 4548 uon
377 4468 486 4535 habere
512 4491 586 4547 nos,
611 4469 746 4533 ostendit
762 4468 843 4553 quud
862 4470 969 4534 insunt
985 4494 1063 4555 quae
1080 4473 1217 4536 omnium

1063 4586 1101 4642 5*
