3128 5208
703 468 744 532 at

169 671 219 728 est
253 665 286 728 in
317 664 434 730 verbis:
465 665 496 729 τί
518 665 543 730 δ’
566 665 602 730 ἄν
622 666 688 732 ποτ’
711 668 832 745 laedor,
856 669 880 732 ri
903 671 1046 735 τάνωντίω
1068 677 1124 736 τῶν
1147 678 1194 736 νῦν
1216 697 1267 750 γε·

168 776 340 855 νενημένων
364 773 412 859 ἦν,
437 779 461 842 εἰ
486 778 611 849 πολλοὺς
634 779 711 858 ἔχων
733 785 789 843 τῶν
812 779 976 854 ἐπιτηδείων
995 782 1071 865 ἐγώ,
1088 784 1263 857 desertores

169 887 300 967 Σίμωνι,
323 888 482 969 ἐμωχὸμνν
505 891 585 970 αὐτῷ
609 889 658 954 κω)
682 889 805 955 ἔνυπνον
828 892 924 957 adeda.
971 891 1058 957 Tolle
1082 894 1141 958 ista
1164 890 1196 969 ἦν
1218 897 1260 972 εἰ,

166 1007 200 1061 at
238 1020 296 1083 pro
327 1001 451 1067 insolita
482 1010 512 1066 ot
544 1001 622 1067 dura
653 1003 881 1068 construetione
910 1004 1045 1070 Atticam
1078 1006 1203 1072 habebis
1232 1015 1262 1071 et

166 1109 357 1195 elegantem.

441 1351 482 1397 IV.
517 1361 579 1399 nari
598 1361 766 1400 ΤΡΑΤΜΑΤΟΣ
787 1361 822 1400 ΕΚ
837 1361 986 1400 mosoma.

213 1564 323 1630 Oratio
346 1566 384 1631 de
408 1565 542 1632 Vulnere
566 1567 791 1632 Praemeditato
814 1565 884 1651 (IV)
905 1575 969 1630 tam
988 1567 1096 1632 misere
1112 1573 1258 1656 temporis

163 1678 284 1742 iniuria
315 1686 361 1742 est
391 1679 514 1758 affecta,
547 1688 578 1744 at
609 1681 641 1745 in
670 1687 732 1744 tam
760 1680 821 1744 levi
844 1687 980 1743 versatur
1002 1689 1198 1764 argumento,
1223 1693 1259 1747 ut

163 1811 292 1874 operam
323 1791 384 1854 fere
415 1790 540 1878 perdere
572 1790 743 1869 videretur,
769 1791 822 1877 qui
845 1775 978 1855 multum
1001 1791 1033 1854 in
1057 1814 1092 1854 ea
1115 1795 1257 1878 temporis

161 1902 355 1979 insumeret,
385 1903 446 1966 nisi
477 1926 513 1967 ex
545 1925 579 1968 ea
611 1911 758 1989 tanquam
788 1902 971 1966 documento
999 1910 1170 1986 appareret,
1196 1928 1257 1989 quo

162 2011 259 2077 modo
289 2012 400 2098 Lysiae
428 2014 579 2078 orationes
609 2013 647 2077 ad
677 2022 783 2077 nostra
814 2020 950 2096 tempora
977 2020 1160 2097 propagatae
1184 2015 1255 2079 sint.

161 2125 297 2190 Laoeraa
327 2133 400 2189 sont
423 2124 542 2209 aliquot
565 2133 683 2210 partes,
708 2147 785 2209 quae
808 2132 872 2187 tam
895 2121 1009 2186 habent
1031 2122 1185 2188 difficilem
1208 2149 1256 2189 ex-

161 2237 379 2324 plicationem,
400 2243 436 2299 ut
452 2235 582 2301 subinde
599 2236 755 2300 columnas
771 2235 962 2299 voluminum
979 2234 1253 2300 Herculanensium

160 2349 223 2413 tibi
255 2347 440 2432 perlustrare
471 2347 610 2412 videaris,
658 2346 760 2427 Quare
793 2346 935 2432 equidem
962 2353 1038 2430 puto
1061 2347 1095 2409 in
1118 2368 1152 2409 eo
1176 2346 1254 2411 libro

162 2483 200 2525 ex
233 2481 296 2543 quo
319 2459 477 2524 Palatinus
501 2460 746 2544 permultorum
770 2459 898 2523 fortasse
922 2457 1070 2522 librorum
1093 2459 1255 2523 suooessio-

161 2594 235 2635 nem
258 2569 398 2648 fluxerit,
422 2577 539 2654 partem
562 2570 654 2635 huius
677 2570 824 2634 orationis
848 2569 1007 2633 evanidam
1030 2569 1141 2647 fuisse,
1164 2569 1254 2634 libra·

161 2683 246 2745 rium
277 2687 379 2744 autem
409 2680 473 2744 sine
503 2689 576 2744 nota
604 2680 742 2744 omisisse
766 2703 844 2766 quae
868 2679 1008 2744 deessent
1030 2678 1085 2744 aut
1107 2680 1168 2765 legi
1191 2705 1253 2746 nou

161 2799 306 2878 possent,
339 2791 434 2855 alium
465 2814 500 2856 ea
527 2814 604 2877 quae
628 2792 671 2856 sio
694 2792 821 2857 obseura
844 2792 924 2856 faeta
948 2799 1047 2856 essent
1071 2814 1107 2856 ex
1129 2793 1252 2877 ingenio

160 2903 362 2988 supplevisse.
408 2901 490 2967 Nam
519 2902 630 2989 Lysiae
657 2904 732 2968 haee
756 2902 959 2968 abindioanda
982 2927 1046 2967 esse
1070 2926 1131 2969 non
1155 2905 1252 2970 ausim

160 3023 313 3093 statuere3
338 3016 370 3080 in
395 3037 455 3100 quo
480 3037 549 3080 oum
567 3015 731 3102 Taylorom
749 3037 839 3080 nemo
855 3039 980 3081 assensu
996 3015 1250 3101 comprobaverit,

159 3149 224 3192 non
246 3150 325 3212 opus
348 3137 395 3192 est
417 3135 453 3191 nt
474 3127 573 3192 multa
597 3127 713 3205 dicam,
739 3150 808 3192 oum
831 3129 1008 3213 praesertim
1023 3126 1172 3212 Taylorus
1188 3151 1249 3194 non

161 3238 222 3302 alio
245 3246 425 3323 argumento
449 3239 489 3303 sit
511 3261 602 3318 usus,
627 3261 719 3325 quam
742 3238 825 3323 quod
849 3245 928 3303 esset
951 3238 1249 3317 „declamatiunculas
1299 3246 1301 3254 '

161 3350 195 3412 in
217 3348 326 3414 umbra
348 3349 469 3414 scholae
491 3350 732 3428 praetereatur,
758 3348 796 3412 ad
820 3350 984 3434 imaginem
1007 3350 1170 3434 superioris
1185 3373 1249 3414 ora

161 3461 254 3525 tionis
278 3447 431 3526 elaborata
439 3512 448 3541 ,
462 3463 524 3536 ,oui
543 3462 652 3528 deinde
669 3462 707 3527 ob
725 3463 897 3549 argumenti
913 3462 1092 3526 affinitatem
1108 3463 1140 3526 in
1157 3464 1249 3549 serip-

161 3572 201 3636 tis
225 3572 314 3636 oodd.
339 3578 486 3658 perpetuo
510 3572 727 3637 adhaesisset.”
762 3572 902 3638 Colorem
925 3573 1071 3637 orationis
1086 3571 1247 3657 Lysiaeum

161 3682 259 3746 visum
290 3705 354 3748 esse
385 3683 509 3768 reliquis
540 3684 775 3770 interpretibus,
800 3685 944 3769 quoniam
968 3705 1056 3748 nemo
1079 3690 1187 3768 postea
1210 3686 1247 3750 de

160 3800 283 3858 auctore
306 3792 474 3873 dubitavit,
499 3795 660 3859 verisimile
684 3801 745 3873 est;
770 3818 839 3859 nam
856 3794 894 3858 de
910 3801 1156 3880 argumentorum
1172 3804 1248 3861 trao-

159 3906 274 3970 tatione
298 3913 329 3969 ot
352 3905 485 3970 efficacia
507 3907 539 3970 in
564 3907 621 3971 hao
644 3906 859 3992 depravatione
882 3926 945 3969 non
962 3905 1036 3969 satis
1051 3913 1153 3990 potest
1167 3907 1246 3973 iudi·

159 4016 236 4094 eari3
269 4024 300 4080 et
331 4017 499 4082 cavendum
531 4025 592 4095 est,
625 4041 682 4096 ne,
707 4019 733 4082 si
755 4018 833 4082 lorte
856 4015 1017 4102 subinepta
1040 4017 1189 4101 quaedam
1213 4043 1244 4084 se

158 4129 264 4194 offerre
287 4128 466 4208 videantur,
490 4138 602 4196 temere
626 4131 772 4194 continuo
796 4129 918 4214 Lysiam
942 4135 1095 4193 auctorem
1115 4151 1179 4194 esse
1195 4153 1244 4195 ne-

158 4263 274 4324 gemus.
321 4240 367 4305 lla
390 4249 434 4305 est
458 4241 540 4306 enim
563 4241 732 4327 proprietas
755 4240 819 4304 stili
842 4239 980 4325 Lysiaoi,
1012 4247 1047 4303 ut
1070 4240 1244 4324 simplieita-

158 4357 218 4416 tem
249 4353 282 4416 in
309 4352 496 4437 argumentis
519 4352 639 4416 affectet
662 4374 758 4437 eoque
782 4351 912 4416 subinde
935 4351 1059 4436 puerilis
1083 4352 1179 4436 possit
1201 4354 1242 4416 vi-

159 4463 239 4543 deri,
271 4463 324 4528 sed
355 4463 409 4528 illa
439 4463 617 4551 simplicitas
648 4487 687 4529 an
715 4462 892 4542 „tenuitas”
915 4461 1061 4528 insidiose
1084 4485 1240 4532 assensum
