<?xml version="1.0" encoding="UTF-8"?>
<!DOCTYPE html PUBLIC "-//W3C//DTD XHTML 1.0 Transitional//EN"
    "http://www.w3.org/TR/xhtml1/DTD/xhtml1-transitional.dtd">
<html xmlns="http://www.w3.org/1999/xhtml" xml:lang="en" lang="en">
 <head>
  <title>
</title>
<meta http-equiv="Content-Type" content="text/html;charset=utf-8" />
  <meta name='ocr-system' content='tesseract 3.04.00' />
  <meta name='ocr-capabilities' content='ocr_page ocr_carea ocr_par ocr_line ocrx_word'/>
</head>
<body>
  <div class='ocr_page' id='page_1' title='image "./commentationesl02frangoog_0134.png"; bbox 0 0 3074 5210; ppageno 0'>
   <div class='ocr_carea' id='block_1_1' title="bbox 30 4431 33 4491">
    <p class='ocr_par' dir='ltr' id='par_1_1' title="bbox 30 4431 33 4491">
     <span class='ocr_line' id='line_1_1' title="bbox 30 4431 32 4463; baseline 0 0"><span class='ocrx_word' id='word_1_1' title='bbox 30 4431 32 4463; x_wconf 85' lang='lat' dir='ltr'><strong>l</strong></span> 
     </span>
     <span class='ocr_line' id='line_1_2' title="bbox 32 4463 33 4491; baseline 0 0"><span class='ocrx_word' id='word_1_2' title='bbox 32 4463 33 4491; x_wconf 85' lang='lat' dir='ltr'><strong>l</strong></span> 
     </span>
    </p>
   </div>
   <div class='ocr_carea' id='block_1_2' title="bbox 673 421 782 482">
    <p class='ocr_par' dir='ltr' id='par_1_2' title="bbox 673 421 782 482">
     <span class='ocr_line' id='line_1_3' title="bbox 673 421 782 482; baseline -0.009 0"><span class='ocrx_word' id='word_1_3' title='bbox 673 421 736 482; x_wconf 87' lang='grc'><strong>119</strong></span> <span class='ocrx_word' id='word_1_4' title='bbox 775 461 782 481; x_wconf 83' lang='grc'><em>,</em></span> 
     </span>
    </p>
   </div>
   <div class='ocr_carea' id='block_1_3' title="bbox 155 619 1318 3148">
    <p class='ocr_par' dir='ltr' id='par_1_3' title="bbox 156 619 1318 1925">
     <span class='ocr_line' id='line_1_4' title="bbox 159 619 1247 703; baseline 0 -19"><span class='ocrx_word' id='word_1_5' title='bbox 159 621 257 686; x_wconf 86' lang='lat' dir='ltr'><strong>tribus</strong></span> <span class='ocrx_word' id='word_1_6' title='bbox 291 621 377 684; x_wconf 91' lang='lat' dir='ltr'><strong>annis</strong></span> <span class='ocrx_word' id='word_1_7' title='bbox 409 627 479 684; x_wconf 91' lang='lat' dir='ltr'><strong>ante</strong></span> <span class='ocrx_word' id='word_1_8' title='bbox 512 619 713 695; x_wconf 76' lang='lat' dir='ltr'><strong>Erasistrato,</strong></span> <span class='ocrx_word' id='word_1_9' title='bbox 744 621 797 703; x_wconf 89' lang='lat' dir='ltr'><strong>qui</strong></span> <span class='ocrx_word' id='word_1_10' title='bbox 827 644 863 685; x_wconf 81' lang='lat' dir='ltr'><strong>cx</strong></span> <span class='ocrx_word' id='word_1_11' title='bbox 887 621 985 686; x_wconf 88' lang='lat' dir='ltr'><strong>tribus</strong></span> <span class='ocrx_word' id='word_1_12' title='bbox 1009 620 1080 684; x_wconf 88' lang='lat' dir='ltr'><strong>filiis</strong></span> <span class='ocrx_word' id='word_1_13' title='bbox 1104 620 1247 684; x_wconf 90' lang='lat' dir='ltr'><strong>Eratonis</strong></span> 
     </span>
     <span class='ocr_line' id='line_1_5' title="bbox 159 730 1249 808; baseline 0.002 -14"><span class='ocrx_word' id='word_1_14' title='bbox 159 741 223 796; x_wconf 87' lang='lat' dir='ltr'><strong>tum</strong></span> <span class='ocrx_word' id='word_1_15' title='bbox 247 733 308 796; x_wconf 91' lang='lat' dir='ltr'><strong>iam</strong></span> <span class='ocrx_word' id='word_1_16' title='bbox 327 732 445 794; x_wconf 82' lang='lat' dir='ltr'><strong>mortui</strong></span> <span class='ocrx_word' id='word_1_17' title='bbox 468 730 552 794; x_wconf 87' lang='lat' dir='ltr'><strong>solus</strong></span> <span class='ocrx_word' id='word_1_18' title='bbox 574 730 607 794; x_wconf 91' lang='lat' dir='ltr'><strong>in</strong></span> <span class='ocrx_word' id='word_1_19' title='bbox 627 731 702 794; x_wconf 88' lang='lat' dir='ltr'><strong>urbe</strong></span> <span class='ocrx_word' id='word_1_20' title='bbox 721 731 842 808; x_wconf 84' lang='lat' dir='ltr'><strong>aderat,</strong></span> <span class='ocrx_word' id='word_1_21' title='bbox 867 731 950 796; x_wconf 89' lang='lat' dir='ltr'><strong>litem</strong></span> <span class='ocrx_word' id='word_1_22' title='bbox 970 731 1159 808; x_wconf 76' lang='lat' dir='ltr'><strong>intenderat,</strong></span> <span class='ocrx_word' id='word_1_23' title='bbox 1179 754 1249 796; x_wconf 91' lang='lat' dir='ltr'><strong>con·</strong></span> 
     </span>
     <span class='ocr_line' id='line_1_6' title="bbox 159 841 1247 907; baseline 0 -1"><span class='ocrx_word' id='word_1_24' title='bbox 159 843 288 906; x_wconf 88' lang='lat' dir='ltr'><strong>tendens</strong></span> <span class='ocrx_word' id='word_1_25' title='bbox 320 850 415 906; x_wconf 90' lang='lat' dir='ltr'><strong>totam</strong></span> <span class='ocrx_word' id='word_1_26' title='bbox 447 841 664 906; x_wconf 90' lang='lat' dir='ltr'><strong>haereditatem</strong></span> <span class='ocrx_word' id='word_1_27' title='bbox 696 841 838 906; x_wconf 86' lang='lat' dir='ltr'><strong>Eratonis</strong></span> <span class='ocrx_word' id='word_1_28' title='bbox 870 842 928 907; x_wconf 90' lang='lat' dir='ltr'><strong>sibi</strong></span> <span class='ocrx_word' id='word_1_29' title='bbox 957 842 1069 906; x_wconf 89' lang='lat' dir='ltr'><strong>deberi.</strong></span> <span class='ocrx_word' id='word_1_30' title='bbox 1116 842 1247 906; x_wconf 81' lang='lat' dir='ltr'><strong>Causam</strong></span> 
     </span>
     <span class='ocr_line' id='line_1_7' title="bbox 157 952 1246 1030; baseline 0.002 -15"><span class='ocrx_word' id='word_1_31' title='bbox 157 952 207 1016; x_wconf 92' lang='lat' dir='ltr'><strong>ille</strong></span> <span class='ocrx_word' id='word_1_32' title='bbox 236 953 431 1030; x_wconf 81' lang='lat' dir='ltr'><strong>obtinuerat,</strong></span> <span class='ocrx_word' id='word_1_33' title='bbox 456 975 491 1016; x_wconf 89' lang='lat' dir='ltr'><strong>eo</strong></span> <span class='ocrx_word' id='word_1_34' title='bbox 516 965 644 1029; x_wconf 86' lang='lat' dir='ltr'><strong>eventu,</strong></span> <span class='ocrx_word' id='word_1_35' title='bbox 669 954 832 1017; x_wconf 88' lang='lat' dir='ltr'><strong>utstatim</strong></span> <span class='ocrx_word' id='word_1_36' title='bbox 855 953 1032 1017; x_wconf 72' lang='lat' dir='ltr'><strong>Erasistrati</strong></span> <span class='ocrx_word' id='word_1_37' title='bbox 1055 953 1135 1017; x_wconf 90' lang='lat' dir='ltr'><strong>bona</strong></span> <span class='ocrx_word' id='word_1_38' title='bbox 1158 976 1246 1017; x_wconf 89' lang='lat' dir='ltr'><strong>ocen-</strong></span> 
     </span>
     <span class='ocr_line' id='line_1_8' title="bbox 157 1063 1247 1148; baseline 0.001 -21"><span class='ocrx_word' id='word_1_39' title='bbox 157 1074 259 1147; x_wconf 89' lang='lat' dir='ltr'><strong>paret,</strong></span> <span class='ocrx_word' id='word_1_40' title='bbox 282 1072 336 1128; x_wconf 89' lang='lat' dir='ltr'><strong>aut</strong></span> <span class='ocrx_word' id='word_1_41' title='bbox 356 1071 437 1127; x_wconf 88' lang='lat' dir='ltr'><strong>certe</strong></span> <span class='ocrx_word' id='word_1_42' title='bbox 457 1085 607 1148; x_wconf 86' lang='lat' dir='ltr'><strong>occupare</strong></span> <span class='ocrx_word' id='word_1_43' title='bbox 628 1069 807 1140; x_wconf 83' lang='lat' dir='ltr'><strong>conaretur,</strong></span> <span class='ocrx_word' id='word_1_44' title='bbox 830 1085 936 1148; x_wconf 84' lang='lat' dir='ltr'><strong>agrum</strong></span> <span class='ocrx_word' id='word_1_45' title='bbox 957 1063 1131 1147; x_wconf 84' lang='lat' dir='ltr'><strong>Sphettium</strong></span> <span class='ocrx_word' id='word_1_46' title='bbox 1152 1087 1247 1148; x_wconf 89' lang='lat' dir='ltr'><strong>quen-</strong></span> 
     </span>
     <span class='ocr_line' id='line_1_9' title="bbox 156 1172 1247 1260; baseline 0.004 -25"><span class='ocrx_word' id='word_1_47' title='bbox 156 1172 224 1236; x_wconf 87' lang='lat' dir='ltr'><strong>dam</strong></span> <span class='ocrx_word' id='word_1_48' title='bbox 249 1181 282 1238; x_wconf 90' lang='lat' dir='ltr'><strong>et</strong></span> <span class='ocrx_word' id='word_1_49' title='bbox 305 1173 525 1258; x_wconf 85' lang='lat' dir='ltr'><strong>Oicyuneusem</strong></span> <span class='ocrx_word' id='word_1_50' title='bbox 550 1195 620 1238; x_wconf 92' lang='lat' dir='ltr'><strong>cum</strong></span> <span class='ocrx_word' id='word_1_51' title='bbox 644 1173 744 1237; x_wconf 89' lang='lat' dir='ltr'><strong>domo.</strong></span> <span class='ocrx_word' id='word_1_52' title='bbox 792 1173 929 1238; x_wconf 88' lang='lat' dir='ltr'><strong>Alterius</strong></span> <span class='ocrx_word' id='word_1_53' title='bbox 953 1173 1009 1237; x_wconf 92' lang='lat' dir='ltr'><strong>filii</strong></span> <span class='ocrx_word' id='word_1_54' title='bbox 1032 1174 1247 1260; x_wconf 88' lang='lat' dir='ltr'><strong>Erasiphontis</strong></span> 
     </span>
     <span class='ocr_line' id='line_1_10' title="bbox 157 1282 1250 1371; baseline 0.005 -25"><span class='ocrx_word' id='word_1_55' title='bbox 157 1282 235 1347; x_wconf 91' lang='lat' dir='ltr'><strong>bona</strong></span> <span class='ocrx_word' id='word_1_56' title='bbox 259 1307 331 1349; x_wconf 89' lang='lat' dir='ltr'><strong>oum</strong></span> <span class='ocrx_word' id='word_1_57' title='bbox 356 1285 496 1349; x_wconf 89' lang='lat' dir='ltr'><strong>similiter</strong></span> <span class='ocrx_word' id='word_1_58' title='bbox 520 1285 578 1348; x_wconf 92' lang='lat' dir='ltr'><strong>sibi</strong></span> <span class='ocrx_word' id='word_1_59' title='bbox 604 1284 789 1349; x_wconf 81' lang='lat' dir='ltr'><strong>vindicasset</strong></span> <span class='ocrx_word' id='word_1_60' title='bbox 811 1293 912 1362; x_wconf 91' lang='lat' dir='ltr'><strong>actor,</strong></span> <span class='ocrx_word' id='word_1_61' title='bbox 937 1309 991 1371; x_wconf 91' lang='lat' dir='ltr'><strong>pro</strong></span> <span class='ocrx_word' id='word_1_62' title='bbox 1016 1309 1051 1348; x_wconf 89' lang='lat' dir='ltr'><strong>eo</strong></span> <span class='ocrx_word' id='word_1_63' title='bbox 1074 1287 1250 1352; x_wconf 86' lang='lat' dir='ltr'><strong>intercesse-</strong></span> 
     </span>
     <span class='ocr_line' id='line_1_11' title="bbox 156 1381 1318 1475; baseline 0.006 -19"><span class='ocrx_word' id='word_1_64' title='bbox 156 1405 224 1458; x_wconf 77' lang='lat' dir='ltr'><strong>rant</strong></span> <span class='ocrx_word' id='word_1_65' title='bbox 256 1396 372 1460; x_wconf 90' lang='lat' dir='ltr'><strong>affines.</strong></span> <span class='ocrx_word' id='word_1_66' title='bbox 420 1381 510 1460; x_wconf 85' lang='lat' dir='ltr'><strong>Unde</strong></span> <span class='ocrx_word' id='word_1_67' title='bbox 542 1419 655 1460; x_wconf 88' lang='lat' dir='ltr'><strong>novum</strong></span> <span class='ocrx_word' id='word_1_68' title='bbox 688 1395 836 1461; x_wconf 90' lang='lat' dir='ltr'><strong>iudicium</strong></span> <span class='ocrx_word' id='word_1_69' title='bbox 867 1397 1033 1461; x_wconf 88' lang='lat' dir='ltr'><strong>conflatum</strong></span> <span class='ocrx_word' id='word_1_70' title='bbox 1062 1409 1142 1475; x_wconf 85' lang='lat' dir='ltr'><strong>erat,</strong></span> <span class='ocrx_word' id='word_1_71' title='bbox 1179 1421 1249 1463; x_wconf 91' lang='lat' dir='ltr'><strong>oum</strong></span> <span class='ocrx_word' id='word_1_72' title='bbox 1311 1387 1318 1403; x_wconf 62' lang='lat'><em>⁶</em></span> 
     </span>
     <span class='ocr_line' id='line_1_12' title="bbox 156 1505 1249 1594; baseline 0.007 -27"><span class='ocrx_word' id='word_1_73' title='bbox 156 1505 258 1570; x_wconf 90' lang='lat' dir='ltr'><strong>subito</strong></span> <span class='ocrx_word' id='word_1_74' title='bbox 292 1507 394 1570; x_wconf 88' lang='lat' dir='ltr'><strong>omnia</strong></span> <span class='ocrx_word' id='word_1_75' title='bbox 423 1506 503 1570; x_wconf 90' lang='lat' dir='ltr'><strong>bona</strong></span> <span class='ocrx_word' id='word_1_76' title='bbox 527 1505 668 1570; x_wconf 85' lang='lat' dir='ltr'><strong>Eratonis</strong></span> <span class='ocrx_word' id='word_1_77' title='bbox 687 1507 765 1570; x_wconf 86' lang='lat' dir='ltr'><strong>&#39;fisco</strong></span> <span class='ocrx_word' id='word_1_78' title='bbox 789 1507 993 1572; x_wconf 85' lang='lat' dir='ltr'><strong>vindicantur.</strong></span> <span class='ocrx_word' id='word_1_79' title='bbox 1041 1508 1130 1571; x_wconf 88' lang='lat' dir='ltr'><strong>Hanc</strong></span> <span class='ocrx_word' id='word_1_80' title='bbox 1154 1510 1249 1594; x_wconf 85' lang='lat' dir='ltr'><strong>igitur</strong></span> 
     </span>
     <span class='ocr_line' id='line_1_13' title="bbox 156 1613 1248 1704; baseline 0.006 -26"><span class='ocrx_word' id='word_1_81' title='bbox 156 1613 307 1680; x_wconf 89' lang='lat' dir='ltr'><strong>bonorum</strong></span> <span class='ocrx_word' id='word_1_82' title='bbox 329 1617 570 1702; x_wconf 84' lang='lat' dir='ltr'><strong>publicationem</strong></span> <span class='ocrx_word' id='word_1_83' title='bbox 595 1637 678 1680; x_wconf 91' lang='lat' dir='ltr'><strong>nunc</strong></span> <span class='ocrx_word' id='word_1_84' title='bbox 702 1625 786 1682; x_wconf 86' lang='lat' dir='ltr'><strong>actor</strong></span> <span class='ocrx_word' id='word_1_85' title='bbox 807 1619 986 1703; x_wconf 81' lang='lat' dir='ltr'><strong>impugnat,</strong></span> <span class='ocrx_word' id='word_1_86' title='bbox 1007 1628 1114 1704; x_wconf 87' lang='lat' dir='ltr'><strong>petens</strong></span> <span class='ocrx_word' id='word_1_87' title='bbox 1133 1635 1168 1684; x_wconf 90' lang='lat' dir='ltr'><strong>ut</strong></span> <span class='ocrx_word' id='word_1_88' title='bbox 1188 1645 1248 1685; x_wconf 89' lang='lat' dir='ltr'><strong>ma·</strong></span> 
     </span>
     <span class='ocr_line' id='line_1_14' title="bbox 156 1729 1248 1814; baseline 0.006 -24"><span class='ocrx_word' id='word_1_89' title='bbox 156 1736 224 1790; x_wconf 89' lang='lat' dir='ltr'><strong>neat</strong></span> <span class='ocrx_word' id='word_1_90' title='bbox 260 1737 344 1792; x_wconf 86' lang='lat' dir='ltr'><strong>certe</strong></span> <span class='ocrx_word' id='word_1_91' title='bbox 377 1729 410 1792; x_wconf 91' lang='lat' dir='ltr'><strong>in</strong></span> <span class='ocrx_word' id='word_1_92' title='bbox 446 1729 637 1814; x_wconf 82' lang='lat' dir='ltr'><strong>possessione</strong></span> <span class='ocrx_word' id='word_1_93' title='bbox 669 1751 775 1792; x_wconf 89' lang='lat' dir='ltr'><strong>eorum</strong></span> <span class='ocrx_word' id='word_1_94' title='bbox 806 1751 883 1812; x_wconf 90' lang='lat' dir='ltr'><strong>qnae</strong></span> <span class='ocrx_word' id='word_1_95' title='bbox 914 1729 1034 1793; x_wconf 91' lang='lat' dir='ltr'><strong>dudum</strong></span> <span class='ocrx_word' id='word_1_96' title='bbox 1064 1733 1248 1814; x_wconf 86' lang='lat' dir='ltr'><strong>possedisset</strong></span> 
     </span>
     <span class='ocr_line' id='line_1_15' title="bbox 156 1831 1063 1925; baseline 0.007 -26"><span class='ocrx_word' id='word_1_97' title='bbox 156 1831 344 1920; x_wconf 80' lang='lat' dir='ltr'><strong>(Erasistrati</strong></span> <span class='ocrx_word' id='word_1_98' title='bbox 368 1840 550 1924; x_wconf 84' lang='lat' dir='ltr'><strong>honorum),</strong></span> <span class='ocrx_word' id='word_1_99' title='bbox 575 1839 693 1925; x_wconf 88' lang='lat' dir='ltr'><strong>reliqua</strong></span> <span class='ocrx_word' id='word_1_100' title='bbox 716 1841 832 1904; x_wconf 85' lang='lat' dir='ltr'><strong>civitati</strong></span> <span class='ocrx_word' id='word_1_101' title='bbox 856 1863 1063 1906; x_wconf 80' lang='lat' dir='ltr'><strong>concessurus</strong></span> 
     </span>
    </p>

    <p class='ocr_par' dir='ltr' id='par_1_4' title="bbox 155 1948 1246 2591">
     <span class='ocr_line' id='line_1_16' title="bbox 197 1948 1246 2038; baseline 0.005 -24"><span class='ocrx_word' id='word_1_102' title='bbox 197 1951 476 2016; x_wconf 83' lang='lat' dir='ltr'><strong>Demonstraturus</strong></span> <span class='ocrx_word' id='word_1_103' title='bbox 500 1951 614 2035; x_wconf 84' lang='lat' dir='ltr'><strong>igitur,</strong></span> <span class='ocrx_word' id='word_1_104' title='bbox 638 1951 782 2016; x_wconf 87' lang='lat' dir='ltr'><strong>Eratonis</strong></span> <span class='ocrx_word' id='word_1_105' title='bbox 807 1951 886 2016; x_wconf 89' lang='lat' dir='ltr'><strong>bona</strong></span> <span class='ocrx_word' id='word_1_106' title='bbox 902 1952 960 2016; x_wconf 90' lang='lat' dir='ltr'><strong>sibi</strong></span> <span class='ocrx_word' id='word_1_107' title='bbox 976 1952 1097 2031; x_wconf 90' lang='lat' dir='ltr'><strong>deberi,</strong></span> <span class='ocrx_word' id='word_1_108' title='bbox 1114 1948 1246 2038; x_wconf 88' lang='lat' dir='ltr'><strong>primum</strong></span> 
     </span>
     <span class='ocr_line' id='line_1_17' title="bbox 155 2062 1246 2145; baseline 0.004 -19"><span class='ocrx_word' id='word_1_109' title='bbox 155 2064 318 2145; x_wconf 87' lang='lat' dir='ltr'><strong>pecuniam</strong></span> <span class='ocrx_word' id='word_1_110' title='bbox 342 2064 379 2126; x_wconf 89' lang='lat' dir='ltr'><strong>ab</strong></span> <span class='ocrx_word' id='word_1_111' title='bbox 404 2085 460 2126; x_wconf 91' lang='lat' dir='ltr'><strong>avo</strong></span> <span class='ocrx_word' id='word_1_112' title='bbox 484 2084 541 2125; x_wconf 92' lang='lat' dir='ltr'><strong>suo</strong></span> <span class='ocrx_word' id='word_1_113' title='bbox 564 2062 611 2125; x_wconf 94' lang='lat' dir='ltr'><strong>illi</strong></span> <span class='ocrx_word' id='word_1_114' title='bbox 635 2070 776 2127; x_wconf 90' lang='lat' dir='ltr'><strong>mutuam</strong></span> <span class='ocrx_word' id='word_1_115' title='bbox 800 2062 901 2126; x_wconf 90' lang='lat' dir='ltr'><strong>datam</strong></span> <span class='ocrx_word' id='word_1_116' title='bbox 925 2085 988 2128; x_wconf 87' lang='lat' dir='ltr'><strong>esse</strong></span> <span class='ocrx_word' id='word_1_117' title='bbox 1011 2063 1086 2129; x_wconf 90' lang='lat' dir='ltr'><strong>dicit</strong></span> <span class='ocrx_word' id='word_1_118' title='bbox 1102 2067 1246 2130; x_wconf 83' lang='lat' dir='ltr'><strong>maiorem</strong></span> 
     </span>
     <span class='ocr_line' id='line_1_18' title="bbox 156 2173 1246 2260; baseline 0.006 -25"><span class='ocrx_word' id='word_1_119' title='bbox 156 2195 247 2256; x_wconf 91' lang='lat' dir='ltr'><strong>quam</strong></span> <span class='ocrx_word' id='word_1_120' title='bbox 271 2173 372 2238; x_wconf 92' lang='lat' dir='ltr'><strong>omnis</strong></span> <span class='ocrx_word' id='word_1_121' title='bbox 396 2175 436 2238; x_wconf 87' lang='lat' dir='ltr'><strong>sit</strong></span> <span class='ocrx_word' id='word_1_122' title='bbox 459 2195 506 2237; x_wconf 85' lang='lat' dir='ltr'><strong>res</strong></span> <span class='ocrx_word' id='word_1_123' title='bbox 522 2173 679 2238; x_wconf 81' lang='lat' dir='ltr'><strong>familiaris</strong></span> <span class='ocrx_word' id='word_1_124' title='bbox 699 2173 737 2238; x_wconf 88' lang='lat' dir='ltr'><strong>ab</strong></span> <span class='ocrx_word' id='word_1_125' title='bbox 757 2173 890 2238; x_wconf 86' lang='lat' dir='ltr'><strong>Eratone</strong></span> <span class='ocrx_word' id='word_1_126' title='bbox 909 2175 1014 2239; x_wconf 90' lang='lat' dir='ltr'><strong>relicta</strong></span> <span class='ocrx_word' id='word_1_127' title='bbox 1030 2178 1057 2260; x_wconf 65' lang='lat' dir='ltr'><strong>(t</strong></span> <span class='ocrx_word' id='word_1_128' title='bbox 1073 2180 1090 2238; x_wconf 68' lang='lat' dir='ltr'><strong>a</strong></span> <span class='ocrx_word' id='word_1_129' title='bbox 1107 2178 1246 2242; x_wconf 69' lang='grc' dir='ltr'><strong>τάλαντα</strong></span> 
     </span>
     <span class='ocr_line' id='line_1_19' title="bbox 155 2283 1246 2370; baseline 0.005 -25"><span class='ocrx_word' id='word_1_130' title='bbox 155 2283 216 2360; x_wconf 77' lang='lat' dir='ltr'><strong>aa,</strong></span> <span class='ocrx_word' id='word_1_131' title='bbox 249 2285 323 2349; x_wconf 89' lang='lat' dir='ltr'><strong>coll.</strong></span> <span class='ocrx_word' id='word_1_132' title='bbox 353 2287 370 2370; x_wconf 63' lang='lat' dir='ltr'><strong>q</strong></span> <span class='ocrx_word' id='word_1_133' title='bbox 400 2287 415 2348; x_wconf 82' lang='lat'>7</span> <span class='ocrx_word' id='word_1_134' title='bbox 446 2283 572 2354; x_wconf 76' lang='grc' dir='ltr'><strong>πλείονος</strong></span> <span class='ocrx_word' id='word_1_135' title='bbox 597 2285 614 2359; x_wconf 76' lang='grc' dir='ltr'>ἢ</span> <span class='ocrx_word' id='word_1_136' title='bbox 637 2285 786 2350; x_wconf 70' lang='grc' dir='ltr'><strong>ταλάντου</strong></span> <span class='ocrx_word' id='word_1_137' title='bbox 810 2287 998 2369; x_wconf 57' lang='lat' dir='ltr'><strong>resinarum</strong></span> <span class='ocrx_word' id='word_1_138' title='bbox 1023 2295 1088 2351; x_wconf 91' lang='lat' dir='ltr'><strong>tum</strong></span> <span class='ocrx_word' id='word_1_139' title='bbox 1112 2287 1246 2351; x_wconf 91' lang='lat' dir='ltr'><strong>ostendit</strong></span> 
     </span>
     <span class='ocr_line' id='line_1_20' title="bbox 155 2395 1246 2479; baseline 0.005 -23"><span class='ocrx_word' id='word_1_140' title='bbox 155 2395 285 2460; x_wconf 85' lang='lat' dir='ltr'><strong>testibus</strong></span> <span class='ocrx_word' id='word_1_141' title='bbox 319 2395 492 2479; x_wconf 89' lang='lat' dir='ltr'><strong>productis,</strong></span> <span class='ocrx_word' id='word_1_142' title='bbox 524 2395 577 2460; x_wconf 90' lang='lat' dir='ltr'><strong>illa</strong></span> <span class='ocrx_word' id='word_1_143' title='bbox 609 2395 688 2460; x_wconf 90' lang='lat' dir='ltr'><strong>bona</strong></span> <span class='ocrx_word' id='word_1_144' title='bbox 718 2396 777 2461; x_wconf 91' lang='lat' dir='ltr'><strong>sibi</strong></span> <span class='ocrx_word' id='word_1_145' title='bbox 808 2397 869 2460; x_wconf 88' lang='lat' dir='ltr'><strong>iam</strong></span> <span class='ocrx_word' id='word_1_146' title='bbox 900 2397 1044 2462; x_wconf 86' lang='lat' dir='ltr'><strong>archonte</strong></span> <span class='ocrx_word' id='word_1_147' title='bbox 1069 2398 1246 2463; x_wconf 89' lang='lat' dir='ltr'><strong>Xenaeneto</strong></span> 
     </span>
     <span class='ocr_line' id='line_1_21' title="bbox 156 2503 834 2591; baseline 0.004 -24"><span class='ocrx_word' id='word_1_148' title='bbox 156 2503 213 2586; x_wconf 90' lang='lat' dir='ltr'><strong>(Ol.</strong></span> <span class='ocrx_word' id='word_1_149' title='bbox 240 2511 295 2572; x_wconf 88' lang='grc'><strong>94.</strong></span> <span class='ocrx_word' id='word_1_150' title='bbox 321 2509 353 2590; x_wconf 87' lang='grc'><strong>4)</strong></span> <span class='ocrx_word' id='word_1_151' title='bbox 377 2505 552 2570; x_wconf 87' lang='lat' dir='ltr'><strong>adiudicata</strong></span> <span class='ocrx_word' id='word_1_152' title='bbox 575 2528 641 2570; x_wconf 88' lang='lat' dir='ltr'><strong>csse</strong></span> <span class='ocrx_word' id='word_1_153' title='bbox 664 2509 681 2591; x_wconf 63' lang='lat' dir='ltr'><strong>t</strong></span> <span class='ocrx_word' id='word_1_154' title='bbox 705 2510 724 2568; x_wconf 75' lang='lat'><strong>2</strong></span> <span class='ocrx_word' id='word_1_155' title='bbox 750 2513 780 2570; x_wconf 90' lang='lat' dir='ltr'><strong>et</strong></span> <span class='ocrx_word' id='word_1_156' title='bbox 804 2510 834 2570; x_wconf 87' lang='lat'><strong>3.</strong></span> 
     </span>
    </p>

    <p class='ocr_par' dir='ltr' id='par_1_5' title="bbox 157 2617 1248 3037">
     <span class='ocr_line' id='line_1_22' title="bbox 197 2617 1244 2705; baseline 0.005 -25"><span class='ocrx_word' id='word_1_157' title='bbox 197 2617 279 2684; x_wconf 77' lang='lat' dir='ltr'><strong>Tum</strong></span> <span class='ocrx_word' id='word_1_158' title='bbox 288 2667 298 2696; x_wconf 88' lang='lat'><strong>,</strong></span> <span class='ocrx_word' id='word_1_159' title='bbox 324 2641 361 2682; x_wconf 92' lang='lat' dir='ltr'><strong>ne</strong></span> <span class='ocrx_word' id='word_1_160' title='bbox 385 2618 453 2702; x_wconf 89' lang='lat' dir='ltr'><strong>quis</strong></span> <span class='ocrx_word' id='word_1_161' title='bbox 477 2618 554 2681; x_wconf 83' lang='lat' dir='ltr'><strong>forte</strong></span> <span class='ocrx_word' id='word_1_162' title='bbox 576 2617 773 2682; x_wconf 89' lang='lat' dir='ltr'><strong>contenderet</strong></span> <span class='ocrx_word' id='word_1_163' title='bbox 788 2618 820 2682; x_wconf 89' lang='lat' dir='ltr'><strong>iu</strong></span> <span class='ocrx_word' id='word_1_164' title='bbox 836 2639 963 2683; x_wconf 87' lang='lat' dir='ltr'><strong>recensu</strong></span> <span class='ocrx_word' id='word_1_165' title='bbox 979 2620 1146 2697; x_wconf 85' lang='lat' dir='ltr'><strong>bonorum,</strong></span> <span class='ocrx_word' id='word_1_166' title='bbox 1165 2644 1244 2705; x_wconf 88' lang='lat' dir='ltr'><strong>quae</strong></span> 
     </span>
     <span class='ocr_line' id='line_1_23' title="bbox 160 2727 1247 2816; baseline 0.006 -27"><span class='ocrx_word' id='word_1_167' title='bbox 160 2727 229 2790; x_wconf 85' lang='lat' dir='ltr'><strong>fiseo</strong></span> <span class='ocrx_word' id='word_1_168' title='bbox 262 2727 546 2815; x_wconf 74' lang='lat' dir='ltr'><strong>postularentur1),</strong></span> <span class='ocrx_word' id='word_1_169' title='bbox 580 2728 727 2814; x_wconf 88' lang='lat' dir='ltr'><strong>quaedam</strong></span> <span class='ocrx_word' id='word_1_170' title='bbox 764 2730 876 2793; x_wconf 90' lang='lat' dir='ltr'><strong>omissa</strong></span> <span class='ocrx_word' id='word_1_171' title='bbox 908 2753 989 2808; x_wconf 87' lang='lat' dir='ltr'><strong>esse,</strong></span> <span class='ocrx_word' id='word_1_172' title='bbox 1020 2729 1132 2816; x_wconf 90' lang='lat' dir='ltr'><strong>quibus</strong></span> <span class='ocrx_word' id='word_1_173' title='bbox 1164 2745 1247 2796; x_wconf 90' lang='lat' dir='ltr'><strong>actor</strong></span> 
     </span>
     <span class='ocr_line' id='line_1_24' title="bbox 157 2839 1248 2926; baseline 0.007 -27"><span class='ocrx_word' id='word_1_174' title='bbox 157 2839 273 2905; x_wconf 88' lang='lat' dir='ltr'><strong>etiamsi</strong></span> <span class='ocrx_word' id='word_1_175' title='bbox 308 2863 400 2905; x_wconf 89' lang='lat' dir='ltr'><strong>cansa</strong></span> <span class='ocrx_word' id='word_1_176' title='bbox 423 2839 543 2904; x_wconf 89' lang='lat' dir='ltr'><strong>caderet</strong></span> <span class='ocrx_word' id='word_1_177' title='bbox 567 2839 714 2904; x_wconf 88' lang='lat' dir='ltr'><strong>damnum</strong></span> <span class='ocrx_word' id='word_1_178' title='bbox 737 2849 839 2904; x_wconf 87' lang='lat' dir='ltr'><strong>tamen</strong></span> <span class='ocrx_word' id='word_1_179' title='bbox 862 2840 1054 2926; x_wconf 89' lang='lat' dir='ltr'><strong>aliquatenus</strong></span> <span class='ocrx_word' id='word_1_180' title='bbox 1077 2851 1181 2926; x_wconf 89' lang='lat' dir='ltr'><strong>posset</strong></span> <span class='ocrx_word' id='word_1_181' title='bbox 1204 2866 1248 2908; x_wconf 89' lang='lat' dir='ltr'><strong>re-</strong></span> 
     </span>
     <span class='ocr_line' id='line_1_25' title="bbox 159 2947 1046 3037; baseline 0.008 -28"><span class='ocrx_word' id='word_1_182' title='bbox 159 2952 284 3029; x_wconf 86' lang='lat' dir='ltr'><strong>sarcire,</strong></span> <span class='ocrx_word' id='word_1_183' title='bbox 310 2959 421 3016; x_wconf 88' lang='lat' dir='ltr'><strong>onnota</strong></span> <span class='ocrx_word' id='word_1_184' title='bbox 444 2952 476 3014; x_wconf 91' lang='lat' dir='ltr'><strong>in</strong></span> <span class='ocrx_word' id='word_1_185' title='bbox 500 2950 617 3014; x_wconf 90' lang='lat' dir='ltr'><strong>indices</strong></span> <span class='ocrx_word' id='word_1_186' title='bbox 640 2947 735 3015; x_wconf 81' lang='lat' dir='ltr'><strong>relata</strong></span> <span class='ocrx_word' id='word_1_187' title='bbox 757 2974 821 3016; x_wconf 90' lang='lat' dir='ltr'><strong>csse</strong></span> <span class='ocrx_word' id='word_1_188' title='bbox 844 2951 954 3036; x_wconf 88' lang='lat' dir='ltr'><strong>probat</strong></span> <span class='ocrx_word' id='word_1_189' title='bbox 977 2955 993 3037; x_wconf 66' lang='lat' dir='ltr'><strong>q</strong></span> <span class='ocrx_word' id='word_1_190' title='bbox 1016 2957 1046 3016; x_wconf 89' lang='grc'><strong>4.</strong></span> 
     </span>
    </p>

    <p class='ocr_par' dir='ltr' id='par_1_6' title="bbox 198 3046 1244 3148">
     <span class='ocr_line' id='line_1_26' title="bbox 198 3046 1244 3148; baseline 0.003 -24"><span class='ocrx_word' id='word_1_191' title='bbox 198 3062 342 3148; x_wconf 86' lang='lat' dir='ltr'><strong>Denique</strong></span> <span class='ocrx_word' id='word_1_192' title='bbox 372 3085 410 3126; x_wconf 92' lang='lat' dir='ltr'><strong>ne</strong></span> <span class='ocrx_word' id='word_1_193' title='bbox 442 3061 510 3145; x_wconf 90' lang='lat' dir='ltr'><strong>quis</strong></span> <span class='ocrx_word' id='word_1_194' title='bbox 541 3061 722 3126; x_wconf 85' lang='lat' dir='ltr'><strong>severiorem</strong></span> <span class='ocrx_word' id='word_1_195' title='bbox 750 3067 920 3125; x_wconf 85' lang='lat' dir='ltr'><strong>exactorem</strong></span> <span class='ocrx_word' id='word_1_196' title='bbox 951 3085 969 3126; x_wconf 92' lang='lat' dir='ltr'><strong>a</strong></span> <span class='ocrx_word' id='word_1_197' title='bbox 999 3046 1121 3126; x_wconf 86' lang='lat' dir='ltr'><strong>civitate</strong></span> <span class='ocrx_word' id='word_1_198' title='bbox 1154 3087 1244 3148; x_wconf 92' lang='lat' dir='ltr'><strong>quam</strong></span> 
     </span>
    </p>
   </div>
   <div class='ocr_carea' id='block_1_4' title="bbox 139 3171 1246 3260">
    <p class='ocr_par' dir='ltr' id='par_1_7' title="bbox 139 3171 1246 3260">
     <span class='ocr_line' id='line_1_27' title="bbox 139 3171 1246 3260; baseline 0.005 -28"><span class='ocrx_word' id='word_1_199' title='bbox 139 3257 140 3260; x_wconf 7' lang='grc' dir='ltr'><strong>Ἴ</strong></span> <span class='ocrx_word' id='word_1_200' title='bbox 160 3193 176 3232; x_wconf 94' lang='lat' dir='ltr'><strong>a</strong></span> <span class='ocrx_word' id='word_1_201' title='bbox 197 3173 327 3256; x_wconf 86' lang='lat' dir='ltr'><strong>privatis</strong></span> <span class='ocrx_word' id='word_1_202' title='bbox 350 3173 439 3236; x_wconf 90' lang='lat' dir='ltr'><strong>illum</strong></span> <span class='ocrx_word' id='word_1_203' title='bbox 460 3171 656 3236; x_wconf 90' lang='lat' dir='ltr'><strong>contenderet</strong></span> <span class='ocrx_word' id='word_1_204' title='bbox 669 3171 707 3255; x_wconf 88' lang='grc'><strong>1),</strong></span> <span class='ocrx_word' id='word_1_205' title='bbox 732 3172 775 3249; x_wconf 85' lang='lat' dir='ltr'><strong>si,</strong></span> <span class='ocrx_word' id='word_1_206' title='bbox 800 3193 895 3255; x_wconf 90' lang='lat' dir='ltr'><strong>quum</strong></span> <span class='ocrx_word' id='word_1_207' title='bbox 913 3180 1001 3236; x_wconf 87' lang='lat' dir='ltr'><strong>antea</strong></span> <span class='ocrx_word' id='word_1_208' title='bbox 1018 3196 1054 3236; x_wconf 85' lang='lat' dir='ltr'><strong>ex</strong></span> <span class='ocrx_word' id='word_1_209' title='bbox 1069 3172 1157 3238; x_wconf 89' lang='lat' dir='ltr'><strong>bonis</strong></span> <span class='ocrx_word' id='word_1_210' title='bbox 1173 3175 1246 3238; x_wconf 85' lang='lat' dir='ltr'><strong>Era-</strong></span> 
     </span>
    </p>
   </div>
   <div class='ocr_carea' id='block_1_5' title="bbox 157 3283 1259 4039">
    <p class='ocr_par' dir='ltr' id='par_1_8' title="bbox 157 3283 1259 4039">
     <span class='ocr_line' id='line_1_28' title="bbox 157 3283 1259 3373; baseline 0.007 -32"><span class='ocrx_word' id='word_1_211' title='bbox 157 3284 236 3348; x_wconf 91' lang='lat' dir='ltr'><strong>tonis</strong></span> <span class='ocrx_word' id='word_1_212' title='bbox 261 3293 379 3370; x_wconf 88' lang='lat' dir='ltr'><strong>partem</strong></span> <span class='ocrx_word' id='word_1_213' title='bbox 404 3292 525 3348; x_wconf 86' lang='lat' dir='ltr'><strong>tantum</strong></span> <span class='ocrx_word' id='word_1_214' title='bbox 548 3283 749 3368; x_wconf 86' lang='lat' dir='ltr'><strong>possedisset,</strong></span> <span class='ocrx_word' id='word_1_215' title='bbox 766 3306 850 3348; x_wconf 90' lang='lat' dir='ltr'><strong>nunc</strong></span> <span class='ocrx_word' id='word_1_216' title='bbox 866 3286 968 3349; x_wconf 91' lang='lat' dir='ltr'><strong>omnia</strong></span> <span class='ocrx_word' id='word_1_217' title='bbox 984 3285 1043 3348; x_wconf 89' lang='lat' dir='ltr'><strong>sibi</strong></span> <span class='ocrx_word' id='word_1_218' title='bbox 1059 3285 1239 3363; x_wconf 87' lang='lat' dir='ltr'><strong>vindicaret,</strong></span> <span class='ocrx_word' id='word_1_219' title='bbox 1258 3367 1259 3373; x_wconf 6' lang='grc' dir='ltr'>ἵ</span> 
     </span>
     <span class='ocr_line' id='line_1_29' title="bbox 158 3393 1247 3485; baseline 0.006 -31"><span class='ocrx_word' id='word_1_220' title='bbox 158 3393 235 3460; x_wconf 89' lang='lat' dir='ltr'><strong>nihil</strong></span> <span class='ocrx_word' id='word_1_221' title='bbox 264 3397 399 3480; x_wconf 79' lang='lat' dir='ltr'><strong>amplius</strong></span> <span class='ocrx_word' id='word_1_222' title='bbox 424 3418 455 3460; x_wconf 86' lang='lat' dir='ltr'><strong>se</strong></span> <span class='ocrx_word' id='word_1_223' title='bbox 479 3417 561 3459; x_wconf 91' lang='lat' dir='ltr'><strong>nunc</strong></span> <span class='ocrx_word' id='word_1_224' title='bbox 585 3394 662 3460; x_wconf 83' lang='lat' dir='ltr'><strong>velle</strong></span> <span class='ocrx_word' id='word_1_225' title='bbox 685 3401 788 3485; x_wconf 79' lang='lat' dir='ltr'><strong>petere</strong></span> <span class='ocrx_word' id='word_1_226' title='bbox 811 3405 916 3460; x_wconf 90' lang='lat' dir='ltr'><strong>monet</strong></span> <span class='ocrx_word' id='word_1_227' title='bbox 939 3419 1029 3481; x_wconf 89' lang='lat' dir='ltr'><strong>quam</strong></span> <span class='ocrx_word' id='word_1_228' title='bbox 1053 3398 1175 3460; x_wconf 88' lang='lat' dir='ltr'><strong>tertiam</strong></span> <span class='ocrx_word' id='word_1_229' title='bbox 1197 3397 1247 3461; x_wconf 92' lang='lat' dir='ltr'><strong>de·</strong></span> 
     </span>
     <span class='ocr_line' id='line_1_30' title="bbox 158 3501 1245 3592; baseline 0.006 -26"><span class='ocrx_word' id='word_1_230' title='bbox 158 3501 291 3570; x_wconf 84' lang='lat' dir='ltr'><strong>bitorum</strong></span> <span class='ocrx_word' id='word_1_231' title='bbox 322 3514 457 3592; x_wconf 87' lang='lat' dir='ltr'><strong>partem,</strong></span> <span class='ocrx_word' id='word_1_232' title='bbox 494 3527 617 3591; x_wconf 87' lang='lat' dir='ltr'><strong>sperans</strong></span> <span class='ocrx_word' id='word_1_233' title='bbox 649 3505 792 3570; x_wconf 86' lang='lat' dir='ltr'><strong>nimirum</strong></span> <span class='ocrx_word' id='word_1_234' title='bbox 825 3506 882 3570; x_wconf 90' lang='lat' dir='ltr'><strong>hac</strong></span> <span class='ocrx_word' id='word_1_235' title='bbox 913 3507 1097 3571; x_wconf 88' lang='lat' dir='ltr'><strong>liberalitate</strong></span> <span class='ocrx_word' id='word_1_236' title='bbox 1128 3509 1245 3572; x_wconf 88' lang='lat' dir='ltr'><strong>animos</strong></span> 
     </span>
     <span class='ocr_line' id='line_1_31' title="bbox 159 3614 862 3702; baseline 0.006 -26"><span class='ocrx_word' id='word_1_237' title='bbox 159 3614 293 3683; x_wconf 88' lang='lat' dir='ltr'><strong>iudicum</strong></span> <span class='ocrx_word' id='word_1_238' title='bbox 317 3642 348 3682; x_wconf 90' lang='lat' dir='ltr'><strong>se</strong></span> <span class='ocrx_word' id='word_1_239' title='bbox 372 3618 430 3682; x_wconf 90' lang='lat' dir='ltr'><strong>sibi</strong></span> <span class='ocrx_word' id='word_1_240' title='bbox 453 3617 690 3683; x_wconf 83' lang='lat' dir='ltr'><strong>conciliaturum</strong></span> <span class='ocrx_word' id='word_1_241' title='bbox 712 3618 729 3702; x_wconf 65' lang='lat' dir='ltr'><strong>q</strong></span> <span class='ocrx_word' id='word_1_242' title='bbox 753 3620 771 3679; x_wconf 84' lang='lat'>5</span> <span class='ocrx_word' id='word_1_243' title='bbox 796 3639 862 3700; x_wconf 91' lang='lat' dir='ltr'><strong>sqq.</strong></span> 
     </span>
     <span class='ocr_line' id='line_1_32' title="bbox 202 3728 1243 3816; baseline 0.001 -24"><span class='ocrx_word' id='word_1_244' title='bbox 202 3728 387 3816; x_wconf 67' lang='lat' dir='ltr'><strong>Haecque</strong></span> <span class='ocrx_word' id='word_1_245' title='bbox 411 3752 480 3794; x_wconf 88' lang='lat' dir='ltr'><strong>eum</strong></span> <span class='ocrx_word' id='word_1_246' title='bbox 503 3729 676 3814; x_wconf 84' lang='lat' dir='ltr'><strong>pulvisculo</strong></span> <span class='ocrx_word' id='word_1_247' title='bbox 700 3751 737 3793; x_wconf 81' lang='lat' dir='ltr'><strong>ex</strong></span> <span class='ocrx_word' id='word_1_248' title='bbox 759 3729 897 3794; x_wconf 86' lang='lat' dir='ltr'><strong>oratione</strong></span> <span class='ocrx_word' id='word_1_249' title='bbox 913 3737 1077 3808; x_wconf 88' lang='lat' dir='ltr'><strong>eruuntm,</strong></span> <span class='ocrx_word' id='word_1_250' title='bbox 1095 3752 1243 3793; x_wconf 88' lang='lat' dir='ltr'><strong>summam</strong></span> 
     </span>
     <span class='ocr_line' id='line_1_33' title="bbox 159 3841 1242 3928; baseline 0.005 -28"><span class='ocrx_word' id='word_1_251' title='bbox 159 3859 263 3908; x_wconf 90' lang='lat' dir='ltr'><strong>causae</strong></span> <span class='ocrx_word' id='word_1_252' title='bbox 287 3843 454 3908; x_wconf 90' lang='lat' dir='ltr'><strong>continent.</strong></span> <span class='ocrx_word' id='word_1_253' title='bbox 501 3841 609 3906; x_wconf 84' lang='lat' dir='ltr'><strong>Restat</strong></span> <span class='ocrx_word' id='word_1_254' title='bbox 625 3848 660 3904; x_wconf 90' lang='lat' dir='ltr'><strong>ut</strong></span> <span class='ocrx_word' id='word_1_255' title='bbox 676 3841 714 3905; x_wconf 91' lang='lat' dir='ltr'><strong>de</strong></span> <span class='ocrx_word' id='word_1_256' title='bbox 730 3842 860 3928; x_wconf 86' lang='lat' dir='ltr'><strong>singulis</strong></span> <span class='ocrx_word' id='word_1_257' title='bbox 877 3841 1058 3926; x_wconf 87' lang='lat' dir='ltr'><strong>quibusdam</strong></span> <span class='ocrx_word' id='word_1_258' title='bbox 1076 3842 1242 3906; x_wconf 90' lang='lat' dir='ltr'><strong>videamus.</strong></span> 
     </span>
     <span class='ocr_line' id='line_1_34' title="bbox 202 3951 1243 4039; baseline 0 -21"><span class='ocrx_word' id='word_1_259' title='bbox 202 3951 369 4032; x_wconf 75' lang='lat' dir='ltr'><strong>Quaeritur</strong></span> <span class='ocrx_word' id='word_1_260' title='bbox 391 3956 472 4020; x_wconf 89' lang='lat' dir='ltr'><strong>enim</strong></span> <span class='ocrx_word' id='word_1_261' title='bbox 496 3953 618 4038; x_wconf 89' lang='lat' dir='ltr'><strong>quando</strong></span> <span class='ocrx_word' id='word_1_262' title='bbox 642 3954 718 4018; x_wconf 88' lang='lat' dir='ltr'><strong>haec</strong></span> <span class='ocrx_word' id='word_1_263' title='bbox 741 3955 820 4018; x_wconf 88' lang='lat' dir='ltr'><strong>aetio</strong></span> <span class='ocrx_word' id='word_1_264' title='bbox 843 3954 1040 4032; x_wconf 89' lang='lat' dir='ltr'><strong>instituatur,</strong></span> <span class='ocrx_word' id='word_1_265' title='bbox 1067 3961 1172 4018; x_wconf 87' lang='lat' dir='ltr'><strong>utrum</strong></span> <span class='ocrx_word' id='word_1_266' title='bbox 1187 3977 1243 4039; x_wconf 91' lang='lat' dir='ltr'><strong>pu·</strong></span> 
     </span>
    </p>
   </div>
   <div class='ocr_carea' id='block_1_6' title="bbox 161 4056 1244 4152">
    <p class='ocr_par' dir='ltr' id='par_1_9' title="bbox 161 4056 1244 4152">
     <span class='ocr_line' id='line_1_35' title="bbox 161 4056 1244 4152; baseline 0.007 -32"><span class='ocrx_word' id='word_1_267' title='bbox 161 4056 277 4129; x_wconf 91' lang='lat' dir='ltr'><strong>blioatis</strong></span> <span class='ocrx_word' id='word_1_268' title='bbox 300 4067 361 4129; x_wconf 90' lang='lat' dir='ltr'><strong>iam</strong></span> <span class='ocrx_word' id='word_1_269' title='bbox 384 4065 471 4130; x_wconf 87' lang='lat' dir='ltr'><strong>bonis</strong></span> <span class='ocrx_word' id='word_1_270' title='bbox 496 4075 524 4128; x_wconf 87' lang='lat' dir='ltr'><strong>et</strong></span> <span class='ocrx_word' id='word_1_271' title='bbox 548 4066 581 4128; x_wconf 89' lang='lat' dir='ltr'><strong>in</strong></span> <span class='ocrx_word' id='word_1_272' title='bbox 596 4065 703 4129; x_wconf 84' lang='lat' dir='ltr'><strong>liscum</strong></span> <span class='ocrx_word' id='word_1_273' title='bbox 727 4065 848 4143; x_wconf 86' lang='lat' dir='ltr'><strong>relatis,</strong></span> <span class='ocrx_word' id='word_1_274' title='bbox 868 4089 905 4130; x_wconf 89' lang='lat' dir='ltr'><strong>an</strong></span> <span class='ocrx_word' id='word_1_275' title='bbox 923 4089 984 4152; x_wconf 93' lang='lat' dir='ltr'><strong>quo</strong></span> <span class='ocrx_word' id='word_1_276' title='bbox 1000 4076 1134 4151; x_wconf 88' lang='lat' dir='ltr'><strong>tempore</strong></span> <span class='ocrx_word' id='word_1_277' title='bbox 1150 4067 1244 4129; x_wconf 90' lang='lat' dir='ltr'><strong>etiam</strong></span> 
     </span>
    </p>
   </div>
   <div class='ocr_carea' id='block_1_7' title="bbox 163 4173 1244 4261">
    <p class='ocr_par' dir='ltr' id='par_1_10' title="bbox 163 4173 1244 4261">
     <span class='ocr_line' id='line_1_36' title="bbox 163 4173 1244 4261; baseline 0.006 -28"><span class='ocrx_word' id='word_1_278' title='bbox 163 4173 215 4238; x_wconf 89' lang='lat' dir='ltr'><strong>sub</strong></span> <span class='ocrx_word' id='word_1_279' title='bbox 230 4177 331 4243; x_wconf 91' lang='lat' dir='ltr'><strong>iudice</strong></span> <span class='ocrx_word' id='word_1_280' title='bbox 347 4202 382 4243; x_wconf 90' lang='lat' dir='ltr'><strong>ea</strong></span> <span class='ocrx_word' id='word_1_281' title='bbox 397 4201 489 4242; x_wconf 88' lang='lat' dir='ltr'><strong>causa</strong></span> <span class='ocrx_word' id='word_1_282' title='bbox 504 4185 591 4242; x_wconf 90' lang='lat' dir='ltr'><strong>esset.</strong></span> <span class='ocrx_word' id='word_1_283' title='bbox 628 4178 767 4243; x_wconf 84' lang='lat' dir='ltr'><strong>Sectione</strong></span> <span class='ocrx_word' id='word_1_284' title='bbox 786 4182 806 4241; x_wconf 93' lang='grc'>4</span> <span class='ocrx_word' id='word_1_285' title='bbox 823 4179 866 4244; x_wconf 75' lang='grc' dir='ltr'><strong>ὅτι</strong></span> <span class='ocrx_word' id='word_1_286' title='bbox 877 4179 906 4244; x_wconf 76' lang='grc' dir='ltr'><strong>δὲ</strong></span> <span class='ocrx_word' id='word_1_287' title='bbox 918 4178 1019 4244; x_wconf 74' lang='lat' dir='ltr'><strong>adara</strong></span> <span class='ocrx_word' id='word_1_288' title='bbox 1032 4178 1244 4261; x_wconf 72' lang='grc' dir='ltr'><em>δημεύεται,</em></span> 
     </span>
    </p>
   </div>
   <div class='ocr_carea' id='block_1_8' title="bbox 163 4327 339 4348">
    <p class='ocr_par' dir='ltr' id='par_1_11' title="bbox 163 4327 339 4348">
     <span class='ocr_line' id='line_1_37' title="bbox 163 4327 339 4348; baseline 0 0"><span class='ocrx_word' id='word_1_289' title='bbox 163 4327 339 4348; x_wconf 52' lang='grc' dir='ltr'><strong>’Ἢ</strong></span> 
     </span>
    </p>
   </div>
   <div class='ocr_carea' id='block_1_9' title="bbox 194 4416 1039 4491">
    <p class='ocr_par' dir='ltr' id='par_1_12' title="bbox 194 4416 1039 4491">
     <span class='ocr_line' id='line_1_38' title="bbox 194 4416 1039 4491; baseline 0.006 -24"><span class='ocrx_word' id='word_1_290' title='bbox 194 4416 217 4481; x_wconf 87' lang='grc'><strong>1)</strong></span> <span class='ocrx_word' id='word_1_291' title='bbox 235 4421 322 4472; x_wconf 80' lang='lat' dir='ltr'><strong>Causae</strong></span> <span class='ocrx_word' id='word_1_292' title='bbox 339 4424 396 4486; x_wconf 87' lang='lat' dir='ltr'><strong>hae,</strong></span> <span class='ocrx_word' id='word_1_293' title='bbox 415 4439 458 4475; x_wconf 79' lang='lat' dir='ltr'><strong>eru·</strong></span> <span class='ocrx_word' id='word_1_294' title='bbox 474 4423 569 4491; x_wconf 80' lang='lat' dir='ltr'><strong>singula</strong></span> <span class='ocrx_word' id='word_1_295' title='bbox 584 4425 730 4480; x_wconf 82' lang='lat' dir='ltr'><strong>afferuntur,</strong></span> <span class='ocrx_word' id='word_1_296' title='bbox 748 4438 762 4471; x_wconf 85' lang='lat' dir='ltr'><strong>a</strong></span> <span class='ocrx_word' id='word_1_297' title='bbox 778 4437 817 4471; x_wconf 89' lang='lat' dir='ltr'><strong>me</strong></span> <span class='ocrx_word' id='word_1_298' title='bbox 834 4421 957 4486; x_wconf 84' lang='lat' dir='ltr'><strong>suppletae</strong></span> <span class='ocrx_word' id='word_1_299' title='bbox 974 4427 1039 4472; x_wconf 86' lang='lat' dir='ltr'><strong>sunt.</strong></span> 
     </span>
    </p>
   </div>
   <div class='ocr_carea' id='block_1_10' title="bbox 0 0 1543 5210">
    <p class='ocr_par' dir='ltr' id='par_1_13' title="bbox 0 0 1543 5210">
     <span class='ocr_line' id='line_1_39' title="bbox 0 0 1543 5210; baseline 0 0"><span class='ocrx_word' id='word_1_300' title='bbox 0 0 1543 5210; x_wconf 95' lang='lat' dir='ltr'><strong> </strong></span> 
     </span>
    </p>
   </div>
  </div>
 </body>
</html>
