3126 5210
720 503 783 565 2³3

191 709 255 766 τῶν
288 704 381 766 adreio
415 699 503 780 ἔργων
532 701 706 777 ἐπιθυμηταὶ
730 701 840 772 τούτοις
864 699 951 768 tvae.
980 699 1031 759 25·
1058 701 1094 758 8:
1120 697 1169 758 οὐκ
1191 693 1298 772 ἑλένει-

192 835 270 876 στου
300 813 328 876 έν
359 811 426 887 ὑμῖν
457 813 518 877 εὀτι
551 811 633 888 μέρος
663 813 699 881 ὡς
723 811 878 880 πλείστους
903 809 1050 885 ἐπιθυμεῖν
1073 811 1128 869 τῶν
1152 803 1298 884 παρέντων

193 928 258 986 νυνὶ
291 921 487 1001 προορμοέπων.
535 921 581 985 Of.
615 921 704 986 Dem.
738 923 790 986 23.
825 923 898 984 lac.
945 919 1113 998 Ἐπιθυμεῖν
1144 915 1192 978 his
1223 913 1299 977 locis

195 1057 265 1098 non
296 1033 409 1098 dicitur
438 1056 549 1118 cupere
572 1057 654 1111 rem,
680 1057 741 1119 qua
765 1057 884 1110 careas,
910 1030 963 1096 scd
987 1028 1147 1114 amplecti,
1172 1025 1299 1108 diligere

197 1167 296 1230 quam
321 1143 442 1209 habeas,
489 1144 601 1229 Itaque
623 1144 725 1210 τούτου
749 1155 795 1208 est
819 1149 869 1209 τοῦ
896 1139 967 1208 εἴνοιι
992 1143 1128 1210 πολέτοις.

247 1257 265 1339 p
289 1258 319 1318 6.
365 1251 439 1319 οὗτοι
464 1255 543 1330 dhaet
565 1257 633 1320 εἰσιν
657 1254 699 1320 dre
723 1255 759 1320 da
782 1255 922 1336 πνιρέντες
938 1291 983 1302 -
999 1253 1111 1319 ἔλθοιεν.
1137 1246 1210 1312 Νοιι
1226 1244 1299 1310 alibi

197 1365 280 1430 mihi
304 1366 415 1430 lectum
441 1372 488 1430 est
511 1363 548 1430 cla
571 1366 708 1451 proxime
732 1373 802 1450 post
825 1363 867 1430 ὅτι
891 1363 1086 1449 (particulam
1104 1358 1299 1440 obiectivam)

198 1479 356 1562 positum3
390 1484 420 1540 et
450 1474 493 1542 ὅτι
525 1477 628 1541 minus
661 1476 754 1542 habet
785 1475 928 1562 ponderis
960 1496 1054 1560 quam
1081 1481 1117 1537 ut
1140 1469 1176 1536 cla
1206 1469 1300 1533 adse

198 1587 326 1652 trahere
350 1588 454 1673 possit.
504 1587 645 1652 Fortasse
669 1586 711 1652 ἔτι
734 1587 810 1668 τάχ’
834 1585 880 1652 ἂν.

249 1697 325 1762 Rem
349 1697 506 1782 publicam
531 1699 712 1782 proderent,
737 1696 840 1784 inquit
863 1718 972 1782 porro,
996 1702 1025 1759 et
1042 1695 1196 1781 privatum
1212 1713 1302 1776 quae·

202 1816 308 1872 rereut
338 1808 579 1872 emolumentum
610 1809 658 1872 dect
692 1809 724 1873 τὸ
755 1810 797 1884 μὴ
828 1809 880 1882 τὴν
912 1807 994 1872 πόλιν
1022 1807 1106 1869 ἄλλοι
1129 1806 1181 1870 rho
1204 1804 1303 1869 οὐοέοιν

203 1920 334 2000 harpax
361 1920 474 1991 ἑκυτοῒς
499 1921 643 1998 ἡγεῖσθαι.
689 1920 811 1998 Patria,
837 1919 965 2005 opinor,
991 1925 1038 1982 est
1060 1921 1162 2000 rapio,
1185 1915 1218 1977 iu
1242 1933 1304 1996 qua

204 2031 274 2114 quis
306 2039 396 2094 natus
429 2040 492 2108 est3
526 2053 609 2096 nunc
636 2054 709 2117 opes
732 2032 879 2096 dicuutur
902 2031 964 2094 illis
990 2030 1088 2115 patria
1112 2050 1186 2092 esse.
1234 2025 1303 2089 Hoc

203 2139 363 2220 κακόζηλον
397 2150 461 2220 est,
494 2150 528 2205 ut
559 2143 641 2226 quod
665 2143 806 2206 maxime.
855 2142 957 2206 Possis
982 2140 1088 2206 eodem
1112 2139 1179 2204 iure
1202 2137 1303 2201 dicere

205 2250 336 2334 patriam
361 2274 425 2316 esse
450 2252 541 2316 alicui
566 2253 731 2336 pretiosam
754 2253 993 2338 supellectilem,
1011 2252 1141 2328 liberos,
1159 2271 1301 2326 uxorem,

206 2383 409 2446 quaecunque
439 2371 580 2426 amentur
587 2389 597 2440 3
622 2385 693 2427 nam
717 2363 795 2427 illud
819 2365 884 2428 sinc
908 2386 970 2449 quo
994 2363 1094 2448 patria
1117 2361 1216 2448 patria
1239 2382 1301 2424 uon

207 2479 271 2548 cst,
295 2472 327 2535 in
352 2472 409 2535 hac
432 2473 658 2557 comparatione
683 2474 873 2560 neglegitur3
898 2474 977 2538 nihil
1002 2473 1101 2538 simile
1126 2479 1188 2549 est,
1207 2493 1299 2556 quam

207 2582 361 2659 studium,
386 2606 447 2668 quo
471 2591 601 2648 amatur.
649 2584 757 2649 Minus
781 2585 838 2649 hoc
862 2585 1030 2650 offenderet
1058 2585 1090 2648 in
1114 2591 1221 2669 poeta,
1245 2583 1300 2667 qui

205 2693 373 2758 audacibus
406 2696 592 2779 metaphoris
626 2695 813 2774 delectatur,
846 2696 898 2760 sed
930 2697 962 2760 in
992 2696 1097 2760 sedato
1121 2703 1151 2760 ct
1174 2695 1301 2758 remisso

205 2825 343 2868 sermone
382 2806 510 2869 oratoris
549 2807 693 2891 putidum
732 2816 788 2871 est.
836 2807 927 2885 Fuit,
961 2830 1058 2892 quum
1088 2806 1212 2891 Lysiam
1244 2805 1301 2869 hac

205 2913 345 2979 affectata
377 2916 527 3000 elegantia
559 2917 688 2982 liberare
711 2939 853 2995 conarer,
879 2919 1051 3003 suspicatus
1074 2918 1107 2982 iu
1130 2917 1302 2992 theodolae

205 3025 299 3088 latere
322 3027 375 3101 rho
396 3034 565 3112 τυχοῦτκν,
591 3036 662 3092 ante
686 3028 744 3094 hoc
768 3037 872 3094 autem
897 3028 1045 3093 excidisse
1067 3038 1124 3107 γῆν
1147 3030 1209 3102 τὴν.
1243 3025 1303 3090 Sed

205 3134 327 3200 frustra.
371 3135 442 3201 Non
467 3136 624 3201 dissimilis
650 3139 732 3202 euim
754 3139 865 3203 coloris
891 3139 1043 3224 estquod
1067 3139 1131 3217 περὶ
1158 3137 1301 3202 arevacos

205 3247 271 3330 (24)
298 3247 413 3331 legitur
441 3251 458 3334 p
491 3252 547 3312 14:
576 3250 589 3313 ὃ
613 3249 666 3327 μὲν
689 3251 749 3330 γὰρ
772 3247 867 3330 ὥσπερ
891 3251 1043 3328 ἐπικλήρου
1065 3258 1118 3324 τῆς
1145 3250 1300 3329 συμφορᾶς

205 3360 290 3433 νέους
320 3362 557 3444 οὶμΦιςβκτήοονν
587 3361 662 3438 ἥκει,
696 3363 778 3446 quod
808 3363 865 3427 etsi
898 3362 1015 3426 lenitur
1046 3362 1072 3424 si
1095 3384 1162 3425 mea
1186 3360 1303 3424 coniec-

206 3477 275 3534 tura
306 3473 352 3556 (ὡς
384 3472 446 3549 περὶ
480 3475 527 3538 ἐπ.
551 3480 604 3546 τῆς
629 3477 796 3558 συμφορᾶς)
819 3497 890 3538 vera
914 3482 976 3550 est,
1001 3482 1105 3536 tamen
1129 3471 1203 3536 satis
1227 3471 1303 3534 mire

205 3581 334 3646 claudus
358 3605 411 3666 pes
435 3606 505 3647 cum
528 3583 592 3647 filia
607 3584 809 3648 haereditaria
824 3585 1027 3669 componitur.
1060 3583 1098 3646 In
1115 3581 1298 3667 Epitaphio,

206 3713 295 3776 quem
328 3700 401 3756 sunt
433 3695 486 3777 qui
510 3694 620 3778 Lysiae
645 3694 821 3758 adscribant
844 3695 894 3779 (cl.
919 3694 947 3758 le
971 3695 1073 3772 Esau,
1098 3693 1206 3779 Lysias
1230 3692 1302 3776 Epi·

206 3804 326 3887 taphios
359 3804 403 3867 als
435 3805 506 3868 ccht
537 3805 697 3883 eruisseu,
727 3805 899 3891 Stuttgart,
929 3807 1024 3890 1863)
1048 3807 1065 3890 p
1089 3807 1130 3866 66
1153 3804 1301 3888 leguntur

206 3914 296 3977 haec:
322 3913 400 3990 ἄξιον
423 3915 451 3979 δὲ
474 3916 524 3979 acl
548 3917 613 3989 τοὺς
636 3915 730 3991 ξένους
754 3919 820 3990 τοὺς
844 3918 940 3983 lutolde
964 3917 1109 3993 κειμένους
1129 3915 1297 3998 ἐποιινέτκι,

204 4022 229 4089 οἳ
254 4028 295 4106 τῷ
319 4027 420 4100 πλήθει
443 4027 638 4102 βοηθήσαντες
662 4027 712 4092 xxi
732 4028 796 4108 περὶ
819 4037 872 4103 τῆς
890 4028 1032 4108 ἡμετέροις
1048 4027 1301 4109 σοντκρέοιςμοιχό-

204 4161 300 4213 μενοι,
325 4138 485 4216 ποιτρέδοι
507 4138 570 4210 τὴν
593 4141 724 4218 οέρετὴν
748 4140 992 4222 ἡγησάμενοι,
1017 4140 1153 4214 τοιοούτκν
1172 4139 1300 4216 τοῦβέου

203 4251 342 4324 τελευτὴν
361 4251 531 4323 ἐποιήοκντο
554 4251 574 4312 i.
600 4273 625 4314 e.
651 4274 706 4335 pro
732 4251 889 4336 patriciis
913 4252 1010 4314 virtus
1035 4250 1112 4326 fuit3
1130 4250 1215 4335 quod
1231 4250 1299 4315 aliis

205 4361 320 4444 patriae
344 4363 443 4441 salus,
467 4363 500 4426 id
523 4363 584 4426 illis
609 4363 706 4426 virtus
729 4363 963 4448 praescribebat.
1007 4362 1071 4426 Ista
1095 4363 1149 4447 qui
1173 4362 1296 4446 scripsit

205 4463 365 4539 manifesto
398 4483 537 4540 nostrum
568 4477 670 4541 locum
694 4487 840 4563 tanquam
861 4479 1029 4561 'Lyciorum
1052 4474 1091 4538 ob
1116 4475 1222 4538 oculos
1245 4475 1298 4542 ha·
