3128 5208
586 464 711 565 ὀε

142 714 239 778 illum
271 711 340 774 laoit
366 731 457 793 quam
488 705 557 770 me'’
589 703 686 768 aliena
711 707 807 775 esset3
832 701 985 782 praeterea
1007 687 1099 754 verba
1121 685 1163 748 itu
1187 704 1233 746 ac-

143 831 238 910 oepta
261 823 340 886 idem
363 821 424 884 lero
448 817 638 884 continerent
662 821 754 898 atque
777 808 830 873 ille
853 827 930 891 quee
949 801 1007 867 sub
1022 801 1113 864 finem
1128 797 1234 880 legun·

143 943 218 1000 tur:
251 933 345 1013 ὅμως,
368 957 396 997 κ.
420 957 449 998 r.
473 931 511 1008 b,
536 935 572 992 ut
601 928 701 990 iustus
723 945 819 986 nexus
843 915 1060 983 sententiarum
1085 908 1233 973 desidere·

143 1055 244 1111 retur.
292 1044 448 1110 Sententia
482 1042 584 1127 potius
619 1045 685 1103 est:
716 1034 791 1114 „sed
823 1053 891 1096 oum
924 1049 990 1092 meo
1021 1022 1155 1109 periculo
1185 1039 1233 1082 res

143 1159 256 1221 innota
280 1154 417 1220 fnisset.’'
453 1151 545 1233 Quod
569 1151 596 1214 si
617 1148 694 1214 mihi
714 1147 822 1222 datur,
839 1159 1026 1226 consequens
1041 1141 1104 1212 est,
1122 1137 1234 1196 utnon

144 1267 245 1332 ἄνισον
279 1267 330 1330 sed
360 1269 411 1331 οὐκ
440 1265 498 1329 1ι’σον
530 1260 695 1338 scribatur,
729 1265 765 1321 nt
793 1255 852 1320 luen
882 1261 912 1316 et
941 1245 1154 1316 ἀπεκινδύνευον
1183 1262 1236 1326 per

144 1379 235 1445 uland
260 1386 339 1442 reete
362 1381 558 1462 opponantur
580 1373 660 1438 iuter
683 1391 724 1434 se.
763 1365 873 1452 Itaque
896 1364 964 1448 lego
989 1367 1019 1424 et
1034 1359 1234 1440 interpretor:

145 1491 246 1554 καίτοι
272 1487 360 1567 ἔγωγ’
383 1490 433 1553 οὐκ
456 1487 492 1554 ἂν
515 1486 574 1552 ἴσον
588 1480 668 1564 εἶχον
682 1479 921 1560 βασανισθείσης,
937 1475 1007 1539 ἀλλ’
1022 1466 1236 1538 ἀπεκινδύνευον

145 1607 252 1674 τοῦτο,
281 1620 488 1684 „quamquam
512 1618 568 1681 ego
591 1617 654 1660 non
678 1589 782 1658 eadem
804 1587 983 1653 condicione
1005 1583 1131 1646 fuissem
1154 1580 1234 1661 (oum

147 1710 336 1793 adversario)
367 1710 393 1772 si
423 1707 476 1772 illa
506 1707 613 1771 fuisset
635 1703 744 1770 tortori
767 1700 895 1777 tradite,
920 1696 972 1762 sed
996 1695 1054 1758 hoe
1076 1713 1146 1756 oum
1168 1709 1236 1751 meo

147 1821 292 1908 periculo
314 1820 452 1883 iunctum
479 1813 618 1882 fuisset.'’
657 1813 734 1878 Oum
757 1810 851 1878 durren
874 1808 1039 1874 exstitisset
1062 1826 1098 1868 ex
1112 1800 1148 1866 ἂν
1163 1798 1235 1876 ἴσον,

148 1932 268 1998 omissa
298 1936 343 1994 est
373 1928 494 2013 negatio
526 1947 604 2012 quae
635 1925 734 1990 aliena
763 1921 932 1988 videbatur.
979 1918 1078 1984 Κοοίεοι
1110 1911 1238 1976 debetur

148 2041 279 2128 ingenio
310 2041 366 2104 viri
389 2040 471 2104 docti
495 2039 548 2124 qui
570 2035 812 2102 Laurentianum
836 2055 905 2098 eum
927 2030 1033 2096 multis
1057 2021 1238 2091 coniecturis
1338 2067 1339 2072 1
1436 2041 1440 2055 ι

149 2163 180 2219 et
214 2152 437 2218 mutationibus
473 2172 509 2215 ex
544 2149 686 2214 Palatino
721 2145 881 2230 descripsit
888 2170 897 2222 3
929 2165 998 2207 nam
1027 2137 1237 2202 auctoritatem

148 2267 237 2334 illius
261 2264 332 2329 libri
354 2263 472 2329 nullam
496 2283 560 2326 esse
583 2261 701 2346 liquido
725 2255 941 2324 demonstravit
961 2251 1113 2338 Sauppius
1128 2249 1161 2312 in
1178 2245 1239 2331 epi·

151 2379 234 2443 stole
258 2376 362 2442 critica
385 2374 424 2439 ad
447 2372 527 2438 God.
552 2373 774 2438 Hermennum.

197 2488 286 2552 Haeo
317 2487 419 2551 omnia
450 2507 528 2571 ques
552 2483 660 2562 attuli,
685 2483 739 2568 qui
762 2479 948 2566 reputaverit
969 2473 1099 2540 inveniri
1123 2472 1153 2535 in
1177 2491 1242 2532 ora·

151 2601 258 2676 tione,
290 2621 368 2685 quae
398 2598 442 2682 (in
465 2597 597 2662 Scheibii
620 2595 765 2679 editione)
789 2594 838 2657 vix
862 2597 994 2676 quatuor
1017 2586 1136 2671 expleat
1159 2581 1241 2667 pagi·

151 2734 228 2788 nes,
253 2733 315 2775 non
338 2731 521 2796 magnopere
544 2708 582 2774 de
609 2706 755 2772 orationis
782 2703 995 2789 depravatione
1019 2719 1106 2762 ame
1129 2694 1242 2758 dissen-

152 2824 222 2887 tiet.
269 2821 317 2884 Ex
340 2821 440 2888 media
461 2820 644 2884 refutatione
672 2817 796 2881 initium
819 2816 853 2879 fit
865 2840 874 2892 3
898 2812 1034 2878 defectus
1056 2806 1170 2873 indieiu
1193 2803 1243 2867 de-

152 2929 376 3019 prehendimus
398 2933 415 3016 b
431 2935 449 2995 9
459 2958 469 3010 3
493 2931 589 2995 maior
612 2930 722 2994 leeune
745 2936 791 2991 est
807 2933 877 3012 post
891 2926 908 3009 d
926 2926 964 2987 ll
973 2949 982 3000 3
1001 2929 1032 2985 et
1048 2918 1184 3000 contrad
1201 2917 1240 2978 13

154 3052 186 3110 et
211 3045 251 3108 16
275 3043 525 3128 interpolationes
548 3041 644 3106 lacteo
668 3040 705 3105 ab
729 3039 850 3122 aliquo,
875 3037 928 3121 qui
952 3055 1071 3097 eausam
1094 3051 1156 3093 non
1179 3050 1244 3113 per·

153 3163 297 3240 spexeret
327 3162 358 3218 et
388 3162 485 3218 totam
514 3153 681 3216 orationem
714 3173 775 3215 non
805 3149 902 3232 magis
926 3167 1017 3230 quam
1039 3164 1095 3206 nos
1118 3140 1242 3224 legerat.

154 3265 249 3330 Unde
280 3264 394 3354 efficio,
428 3264 571 3340 vulnera,
604 3263 717 3346 quibus
747 3259 882 3346 laborat,
914 3257 987 3320 setis
1019 3275 1083 3318 esse
1107 3251 1242 3335 antiqua

156 3377 346 3442 Omissiones
378 3372 480 3442 autem
508 3397 568 3440 non
594 3375 734 3438 consulto
758 3395 822 3436 esse
845 3371 956 3446 iaetus,
981 3366 1035 3431 sed
1058 3385 1161 3429 cesum
1183 3361 1244 3424 iam

157 3488 232 3554 olim
262 3494 364 3572 partes
395 3487 515 3573 aliquot
545 3485 707 3551 abstulisse
738 3483 809 3548 inde
841 3479 997 3567 probabile
1021 3486 1084 3554 est,
1108 3472 1191 3560 quod
1214 3479 1245 3536 et

157 3599 247 3664 initio
277 3605 308 3662 et
339 3604 409 3661 ante
431 3599 448 3682 b
473 3586 512 3661 12
538 3620 573 3662 ea
599 3594 823 3671 desiderantur,
847 3593 911 3656 sine
935 3590 1047 3676 quibus
1070 3583 1245 3650 intellectus
1328 3601 1330 3604 ·

159 3709 354 3793 sequentium
377 3731 474 3794 paene
498 3708 674 3793 praeclusus
698 3713 760 3782 est,
784 3727 846 3768 non
871 3726 923 3781 ea,
948 3723 1025 3786 quae
1040 3696 1141 3784 segnis
1156 3695 1246 3758 libra·

159 3821 224 3884 rius
248 3818 374 3902 reliquis
398 3820 495 3903 magis
518 3818 639 3903 neglegi
662 3831 750 3901 posse
776 3823 907 3900 putaret.

468 4011 512 4056 Vl.
544 4012 611 4057 KAT’
630 4015 794 4057 nnnoxrdo‘r
812 4015 953 4056 aenesius.

208 4159 356 4240 Quamvis
379 4159 470 4225 bodie
494 4183 582 4224 nemo
605 4159 667 4224 fere
690 4159 811 4223 dubitet
834 4158 908 4244 quin
928 4157 1024 4220 oratio
1044 4156 1111 4234 νοντ’
1124 4151 1246 4217 Ἀνδοκί-

161 4272 210 4352 ,δον
239 4294 302 4335 non
333 4273 372 4336 sit
402 4271 528 4356 Lysiae,
559 4294 620 4336 non
643 4280 746 4336 tamen
768 4271 896 4348 desunt,
920 4269 974 4354 qui
997 4289 1061 4331 eam
1084 4266 1117 4328 in
1140 4261 1246 4326 eodem

165 4382 291 4462 iudicio,
316 4403 377 4467 quo
403 4381 579 4448 Andociden
602 4383 639 4447 de
662 4383 832 4468 Mysteriis,
851 4381 888 4445 ab
905 4379 964 4444 alio
981 4386 1099 4442 oretore
1115 4393 1247 4460 pronun·

167 4485 275 4558 elatam
298 4494 480 4558 existiment.
517 4491 564 4556 cf.
589 4493 774 4572 Hoelscher,
799 4492 837 4558 de
860 4492 924 4558 vita
947 4497 978 4554 et
998 4486 1119 4576 seriptis
1138 4483 1248 4570 Lysiae
