3074 5210
643 451 701 510 122

136 648 268 723 ὁποιτὶοο
297 649 343 711 ux}
374 648 398 710 οἱ
430 649 613 725 προτείνοντες
638 651 706 722 ἡμῖν
729 649 878 712 οὶπέθοινον.
926 647 1060 732 Requiro
1085 655 1155 710 ante
1179 643 1211 722 ἧς

135 759 383 842 praepositionem
418 759 505 838 ὑπέρ,
536 779 598 822 non
626 757 708 842 quod
739 758 853 843 ubique
885 767 955 822 ante
980 758 1141 822 relativum
1174 758 1213 820 sit

134 871 310 953 repetenda,
334 870 387 936 sed
411 871 484 956 quia
507 871 544 934 iis
568 879 648 934 certe
672 871 748 936 loeis
772 871 826 936 ubi
850 871 1011 936 relativum
1035 892 1122 934 suum
1153 890 1216 932 ver·

133 980 204 1044 bum
228 981 318 1045 habet
340 1004 358 1044 n
381 982 475 1067 priori
498 981 650 1046 diversum
674 1005 730 1047 nee
754 985 906 1047 sententia
928 982 1054 1047 relativa
1076 980 1214 1046 attributi

134 1091 235 1156 locum
266 1100 347 1158 terret
378 1093 486 1178 (veluti
518 1096 572 1178 44)
604 1093 708 1158 abesse
735 1117 798 1160 non
822 1103 930 1182 potest.
968 1094 1015 1160 Cf.
1036 1097 1088 1160 31.
1116 1095 1173 1156 18:
1193 1087 1218 1155 οἳ

134 1209 179 1267 νῦν
211 1206 290 1282 οιύτῷ
320 1203 355 1269 δι’
386 1203 459 1270 οὐτὸ
486 1210 569 1269 τοῦτο
591 1206 649 1286 οὐχ
671 1200 720 1270 οἷοί
742 1209 769 1270 τ’
791 1207 859 1272 εἰσὶν
882 1205 1044 1282 ἐπεξελθεῖν
1067 1201 1216 1284 ἅποοντες,

134 1314 166 1378 δι’
197 1313 265 1396 ὅπερ
294 1316 341 1380 aa>
365 1315 432 1380 τότε
455 1315 589 1380 οὶδύυοιτοι
613 1325 649 1396 τῇ
674 1316 757 1380 πόλει
781 1316 892 1393 βοηθεῖν
921 1313 1003 1392 ἦτον.
1050 1315 1109 1378 Sed
1134 1336 1218 1399 prae·

135 1435 215 1488 terea
240 1405 330 1489 etiam
354 1426 497 1510 repetitio
522 1427 755 1510 praepositionis
779 1428 853 1492 satis
876 1428 990 1490 usitat-a
1009 1439 1063 1490 ost.
1097 1428 1219 1489 2215.

134 1538 162 1599 ἐν
192 1536 301 1609 τούτοις
331 1544 389 1608 τοῖς
420 1545 525 1616 καιροῖς
549 1537 781 1616 ἐπιβουλεύουσιν
805 1543 891 1616 ἡμῖν,
917 1541 944 1602 ἕν
967 1533 1063 1617 οἷσπερ
1086 1539 1110 1604 οἱ
1135 1539 1219 1603 πολέ·

134 1673 199 1722 μιοι.
248 1651 297 1711 18.
324 1651 359 1710 5:
389 1649 418 1712 ἐν
445 1647 559 1730 τοιούτῳ
581 1654 666 1731 κυιρῷ
689 1651 717 1714 ἐν
741 1644 770 1732 ὦ.
808 1653 859 1714 26.
887 1653 945 1714 13:
970 1650 1217 1721 interfuturus

133 1759 261 1838 zituare
293 1761 321 1823 a
354 1753 390 1830 rt·
422 1761 581 1837 οπονιιιι.
628 1759 774 1824 simfliter
808 1763 857 1826 13.
883 1747 943 1839 ου’,
968 1760 1078 1825 reson.
1104 1763 1133 1824 a.
1159 1765 1219 1839 er,

134 1868 228 1934 Isocr.
260 1872 288 1933 6.
314 1873 354 1933 45
365 1919 389 1948 ‚A
406 1874 433 1935 7.
459 1873 512 1934 18.
559 1872 641 1934 Ante
671 1872 894 1957 appositionem
927 1871 1110 1956 praepositio
1139 1894 1222 1956 repe-

133 1981 189 2044 tita
222 1989 267 2046 est
298 1984 328 2045 3.
354 1984 412 2045 25:
442 1980 505 2062 περὶ
530 1983 630 2047 τούτου
660 1981 759 2060 μόνον,
790 1983 852 2062 περὶ
876 1989 925 2048 τοῦ
949 1983 1095 2048 δεδωκέναι
1120 1985 1152 2048 τὸ
1174 1986 1222 2064 rip-

135 2092 241 2173 νύριον.
287 2092 547 2178 Praepositionem
588 2117 651 2158 esse
696 2073 890 2180 repetendam
930 2105 1000 2180 post
1033 2094 1222 2161 adversativa

116 2206 185 2290 'eorl
207 2243 254 2253 —-
276 2205 328 2269 κου’
349 2228 411 2298 per
426 2229 458 2270 se
481 2206 671 2291 intellegitur
678 2233 686 2285 3
707 2207 744 2270 of.
762 2229 853 2292 supra
871 2209 909 2271 ll
928 2207 985 2272 sub
1002 2208 1040 2285 f.,
1062 2229 1155 2292 quare
1170 2211 1187 2294 q
1204 2211 1222 2270 6

136 2314 197 2396 ue,
224 2318 242 2401 ξ
268 2318 306 2379 13
331 2317 399 2398 πρός
423 2339 492 2381 oum
516 2317 632 2382 Cobeto
656 2327 725 2402 post
748 2319 799 2382 κου’
821 2319 1088 2404 interponendum.

180 2425 326 2490 Ceterum
349 2424 419 2490 οὕτω
444 2433 514 2489 ante
538 2427 772 2504 πολιτευομένους
796 2439 972 2513 suspectum
995 2429 1071 2492 mihi
1095 2436 1151 2493 est.

180 2537 211 2600 N
214 2559 256 2600 on
278 2537 357 2600 mala
379 2546 425 2600 est
449 2538 563 2616 oratio,
585 2538 635 2602 vix
652 2547 752 2603 tamen
769 2539 862 2624 digne
878 2563 956 2624 quae
972 2563 989 2604 u
1006 2541 1142 2619 Dobreo,
1161 2563 1223 2605 ver·

137 2648 246 2714 borum
269 2651 445 2733 ceteroquin
469 2659 531 2714 tam
555 2673 662 2736 pareo,
680 2651 799 2716 dieatur
815 2660 1129 2738 „praenuntissimum
1144 2654 1223 2738 frag·

137 2761 329 2838 „mentum”
377 2760 448 2824 Non
479 2784 620 2846 magnam
653 2762 744 2826 habet
766 2755 951 2828 inventionis
975 2787 1073 2850 neque
1097 2763 1224 2848 disposi-

139 2871 232 2936 tionis
255 2873 393 2950 laudem3
418 2881 483 2936 tum
509 2874 600 2937 etiam
624 2873 729 2938 eadem
753 2876 904 2939 sententie
920 2877 1041 2960 saepius
1058 2876 1224 2961 repetitur,

140 2984 222 3066 quod
248 2985 326 3048 nihil
348 2985 522 3050 mirandum
547 2997 593 3048 est
617 2986 647 3048 in
672 2985 810 3050 iudicum
835 2987 1026 3065 exoratione,
1057 3010 1116 3072 qua
1138 2986 1226 3050 absu-

139 3097 235 3160 mitur
264 3104 329 3160 tote
359 3097 455 3161 oratio
483 3097 531 3180 (ef.
556 3098 572 3181 q
598 3099 612 3158 1
639 3093 876 3176 &supersternere
901 3109 931 3161 et
954 3121 1032 3182 quae
1056 3108 1227 3182 sequuntur

142 3229 211 3272 eum
244 3210 284 3278 21
317 3207 366 3271 xxi
389 3213 444 3272 τῶν
467 3209 608 3288 προγόνων
632 3214 686 3273 τῶν
711 3209 852 3288 ἡμετέρων
876 3217 998 3274 etcum
1023 3213 1065 3272 24
1090 3215 1145 3273 τῶν
1168 3211 1227 3290 γὰρ

142 3319 333 3398 προςηκόντυν
371 3320 395 3383 οἱ
434 3320 487 3395 μὲν
517 3340 601 3402 sqq.;
640 3321 707 3406 §8
739 3320 831 3384 κου’τοι
862 3322 936 3391 τίνες
968 3343 1037 3384 cum
1065 3323 1102 3382 12
1135 3321 1228 3385 καίτοι

143 3429 228 3496 δεινόν
245 3433 326 3514 sqq.)
346 3452 416 3494 nam
437 3430 548 3494 similia
566 3431 599 3494 in
618 3430 796 3494 huiusmodi
816 3441 995 3516 argumento
1014 3431 1095 3517 apud
1114 3439 1228 3495 veteres

144 3550 276 3604 oratores
307 3540 400 3624 vulgo
430 3541 648 3618 inveniuntur;
681 3564 734 3626 per
766 3563 797 3605 se
830 3552 931 3606 tamen
963 3543 1022 3607 tale
1052 3542 1127 3626 quid
1150 3543 1227 3606 nihil

145 3652 286 3736 pulcrum
309 3650 402 3716 habet
424 3673 481 3714 neo
504 3651 588 3736 quod
611 3673 794 3736 magnopere
818 3652 975 3716 admirere.
1011 3652 1117 3716 Potest
1132 3654 1229 3718 oratio

143 3761 221 3828 bene
244 3784 350 3847 graece
373 3762 485 3846 scripta
508 3769 538 3825 et
561 3760 762 3826 nihilominus
786 3763 887 3827 ieiuna
911 3787 985 3828 esse.

184 3973 187 3986 Ι
210 4003 277 4049 XIX.
307 4011 377 4048 THE?
391 4011 453 4048 ΤΩΝ
468 3985 680 4048 ΑΡΙΣΤΟρΑΝΟΤΣ
694 4011 853 4050 ΧΡΗΜΑΤΩΝ
863 4011 939 4054 ,ΠΡΟΣ
959 4013 996 4050 ΤΟ
1016 4013 1174 4052 ΔΗΜΟΣΙΟΝ.

193 4206 427 4291 Aristophanes,
464 4205 544 4268 tilius
579 4204 780 4291 Nicophemi‚
817 4208 914 4291 eapite
949 4207 1111 4274 damnatus
1150 4222 1230 4289 erat,

150 4320 275 4404 eiusque
299 4320 378 4384 bona
402 4318 566 4405 publicata.
613 4318 660 4381 Ex
683 4319 719 4381 iis
744 4341 839 4404 quum
862 4321 963 4384 minus
986 4321 1115 4400 rediret,
1141 4345 1232 4406 quam

151 4431 318 4513 possedisse
341 4429 526 4516 putabatur,
551 4451 636 4494 socer
652 4430 867 4514 Aristophanis
884 4433 916 4495 iu
932 4432 1134 4518 suspitionem
1149 4436 1233 4499 venit

1094 4549 1113 4605 9
