3074 5210
803 463 843 524 82

280 658 423 724 verteris:
448 660 472 724 οἱ
495 659 649 740 τριάκοντα
673 659 781 740 πονηροὶ
805 661 858 738 μὲν
880 659 930 724 καὶ
954 657 1136 742 συκοφάνται
1163 655 1239 730 ὄντες
1263 659 1302 730 εἰς
1318 659 1379 732 τὴν

166 847 169 854 ¹
280 771 374 851 ἀρχὴν
404 770 605 853 κατέστησαν,
637 771 802 851 Φασκοντες
833 773 862 838 δὲ
891 777 996 853 χρῆναι
1026 779 1081 836 τῶν
1112 771 1216 837 οὶδίκαν
1242 771 1377 850 καθαρὰν

280 892 396 957 ποιῆσαι
419 885 471 957 τὴν
494 886 588 948 πόλιν.
635 881 812 948 Placeretue
836 883 906 949 talis
931 883 1090 968 periodus:
1116 883 1139 948 οἱ
1159 883 1302 978 Ἕλληνες
1320 903 1376 945 σο-

279 993 390 1070 asaro>
422 996 475 1072 μὲν
502 985 551 1058 καὶ
575 997 719 1077 εὐθαρσεῖς
742 995 818 1067 ὄντες
843 996 978 1074 οὐδεμίαν
1000 1003 1059 1067 τοῖς
1081 993 1182 1067 ἄλλοις
1207 993 1376 1072 ὑπερβολὴν

279 1105 547 1187 καταλελοίπασιν,
575 1105 692 1184 οἰόμενοι
723 1107 752 1170 δὲ
781 1108 833 1182 σὺν
857 1113 912 1172 τῶν
936 1105 1094 1188 βαρβαρων
1115 1115 1172 1184 γῆν
1195 1104 1292 1175 αὑτοῖς
1316 1126 1377 1167 κα-

278 1217 375 1291 τήκοον
399 1216 455 1280 δεῖν
478 1211 549 1280 εἶναι
573 1215 639 1278 -Ρ
675 1216 848 1296 sentietur,
870 1218 995 1302 opinor,
1012 1239 1106 1301 quam
1121 1217 1228 1300 inepta
1244 1215 1284 1277 sit
1299 1213 1377 1277 talis

279 1335 442 1392 structura.
478 1326 577 1406 Nam,
602 1351 641 1393 ne
664 1329 763 1393 dicam
784 1329 822 1394 de
841 1329 966 1394 insolito
982 1329 1144 1393 verborum
1161 1326 1283 1403 ordine,
1300 1346 1377 1388 eon·

279 1446 325 1502 tra
356 1438 529 1522 legitimum
561 1463 650 1504 usum
674 1441 847 1526 iunguntur
871 1464 923 1526 per
946 1441 999 1518 μέν
1024 1447 1055 1504 et
1077 1439 1124 1516 δέ,
1149 1460 1227 1522 quae
1251 1437 1378 1501 diversa

279 1550 396 1614 ratione
419 1550 458 1614 ad
482 1550 606 1615 verbum
630 1551 821 1630 referuntur,
848 1575 944 1636 quum
959 1532 1046 1637 prius
1063 1551 1183 1635 aformal
1202 1549 1291 1633 ὄντες)
1303 1570 1375 1632 per·

280 1671 402 1746 petuam
433 1663 669 1747 proprietatem,
703 1663 832 1728 alterum
860 1664 1047 1747 (Φιὶσκοντες)
1071 1662 1185 1726 factum
1209 1658 1375 1744 significet.

278 1771 365 1851 Quae
389 1795 485 1857 quum
508 1772 553 1835 ita
574 1773 654 1852 sint,
679 1773 822 1858 apodosis
845 1779 999 1840 οτοιαῦτα
1014 1772 1150 1849 λέγοντες
1166 1769 1261 1855 (quod
1277 1768 1373 1834 hodie

276 1884 388 1947 omisso
413 1883 460 1948 aa)
485 1883 546 1947 lere
569 1892 725 1969 receptum
750 1888 808 1971 est)
830 1886 964 1971 incipere
986 1885 1113 1970 nequit,
1138 1882 1191 1946 sed
1210 1881 1306 1946 oratio
1323 1881 1371 1944 sic

277 1995 432 2058 cohaeret:
456 1997 552 2071 ἐπειδὴ
576 1997 605 2062 δὲ
628 1999 650 2062 οἱ
674 1996 827 2078 τριάκοντα
850 1998 959 2078 τονκροὶ
976 1999 1030 2075 μὲν
1050 1994 1129 2067 ὄντες
1151 1995 1191 2067 εἰς
1209 1993 1370 2074 τὶινοὶρχὴν

276 2105 481 2182 κατέστησαν,
505 2107 670 2188 Φασκοντες
693 2109 723 2173 δὲ
745 2118 851 2190 χρῆναι
873 2114 929 2174 τῶν
948 2109 1051 2173 attam
1068 2105 1259 2192 (ἀδικούντων)
1280 2106 1374 2171 καθα-

276 2218 327 2296 ρὰν
357 2226 473 2292 ποιῆσαι
501 2220 552 2292 τὴν
575 2218 659 2283 πόλιν
683 2221 713 2284 οὐ
737 2225 861 2284 τοιαῦτα
884 2226 973 2285 ποιεῖν
995 2219 1140 2302 ἐτόλμων,
1166 2238 1244 2301 quae
1271 2215 1371 2279 oratio

215 2370 225 2384 ·
277 2327 419 2412 deinceps
450 2349 513 2392 non
545 2329 761 2407 continuatum
789 2338 836 2396 est
858 2353 955 2414 genus
978 2329 1056 2394 illud
1081 2327 1308 2404 anacoluthiae,
1333 2326 1368 2389 in

275 2459 337 2520 quo
367 2438 509 2521 apodosis
541 2439 711 2524 omittitur,
737 2440 821 2525 quod
846 2441 975 2526 protasis
1000 2446 1124 2524 propter
1147 2438 1365 2524 explicationes

274 2550 456 2614 necessarias
495 2551 585 2614 nimis
621 2552 761 2615 excrevit.
817 2551 900 2615 Dum
932 2573 1009 2634 quae
1040 2548 1210 2614 omittenda
1239 2547 1363 2614 minime

274 2668 347 2724 sunt
378 2662 513 2725 animum
541 2662 697 2746 scriptoris
721 2661 873 2736 subeunt,
897 2661 946 2725 his
970 2660 1008 2725 de
1031 2661 1187 2746 proposito
1211 2659 1362 2725 abductus

274 2777 458 2835 structuram
490 2771 665 2837 inchoatam
692 2773 855 2856 relinquit;
881 2772 1021 2858 pluribus
1046 2794 1080 2836 ea
1104 2779 1281 2856 persecutus
1304 2769 1363 2856 Ly·

273 2882 332 2944 sias
363 2883 410 2965 (ὡς
438 2921 484 2930 -
514 2884 700 2970 πειράσομαι)
732 2907 809 2968 quae
840 2885 872 2949 in
903 2885 1019 2970 protasi
1043 2890 1259 2968 proposuerat,
1283 2881 1360 2946 illud

273 2991 356 3076 quod
380 2993 411 3056 in
436 2994 563 3079 apodosi
584 2996 762 3081 ponendum
786 3004 850 3060 erat
873 2996 933 3060 iam
959 2996 991 3059 in
1015 2995 1130 3080 protasi
1153 3001 1360 3078 occupaverat.

272 3103 460 3168 Huiusmodi
484 3107 667 3171 anacolutha
691 3108 773 3192 apud
796 3107 957 3172 Platonem
980 3128 1034 3192 pro
1058 3107 1199 3172 liberiore
1214 3105 1361 3189 loquendi

271 3205 380 3301 genere
403 3226 477 3281 sunt
499 3218 671 3304 frequentia
678 3246 687 3296 3
712 3219 903 3284 luculentum
928 3218 1099 3303 exemplum
1112 3225 1159 3281 est
1174 3216 1288 3282 Phaed.
1307 3220 1358 3281 86.

271 3328 300 3390 A
307 3354 316 3405 3
350 3328 438 3414 plura
465 3330 490 3392 si
515 3331 583 3412 quis
608 3353 644 3394 ex
667 3329 796 3395 Platone
820 3330 972 3394 desideret
996 3329 1136 3394 consulat
1158 3327 1359 3413 Engelhardt,

271 3439 545 3504 Anacoluthiarum
564 3441 792 3506 Platonicorum
812 3464 889 3526 spec.
906 3441 959 3506 HI
975 3440 1122 3526 (Godani,
1144 3443 1240 3524 1845)
1254 3463 1284 3526 p.
1298 3443 1357 3518 44,

270 3549 345 3615 XII.
397 3551 593 3638 intellegitur
623 3560 725 3618 tamen
757 3551 932 3618 istiusmodi
962 3550 1190 3637 neglegentiam
1219 3552 1251 3615 in
1276 3551 1359 3616 omni

270 3663 465 3727 commotiore
496 3686 633 3729 sermone
661 3672 762 3749 aptam
786 3686 850 3728 esse
874 3686 977 3749 posse;
1003 3663 1041 3727 cf.
1066 3685 1103 3726 ex
1125 3660 1218 3747 Lysia
1243 3664 1271 3725 l.
1297 3663 1358 3738 40,

273 3774 323 3836 12.
356 3775 408 3837 38.
456 3772 515 3838 Sed
551 3798 645 3861 quum
669 3797 721 3860 per
744 3781 869 3840 τοιαῦτα
892 3773 1055 3860 (λέγοντες)
1078 3779 1252 3838 resumatur
1274 3771 1359 3856 quod

269 3883 366 3946 fusius
398 3883 515 3950 dictum
542 3894 631 3951 antea
654 3894 736 3964 erat,
761 3909 824 3950 non
846 3885 895 3950 καὶ
919 3891 1044 3950 τοιαῦτα
1067 3886 1114 3967 (ut
1137 3883 1207 3948 libri
1230 3881 1358 3964 habent)

269 3993 405 4072 λέγοντες
436 3999 467 4063 οὐ
497 4002 622 4063 τοιαῦτα
649 3996 830 4083 legendum,
855 3994 908 4059 sed
931 3995 980 4059 acl
1000 3994 1041 4059 τοὶ
1059 4000 1199 4076 τοιαῦτα,
1220 3993 1359 4070 λέγοντες

269 4104 293 4168 δ’
311 4107 342 4169 οὐ
365 4112 498 4172 τοιαῦτα.
523 4107 624 4172 Acuta
647 4106 798 4172 Oobetus:
823 4108 916 4171 καίτοι
938 4111 1039 4171 ταῦτα
1061 4105 1212 4183 λέγοντες,
1237 4101 1290 4167 sed
1313 4103 1358 4166 ita

268 4215 297 4279 δέ
321 4224 391 4300 post
412 4217 577 4299 φάσκοντες
600 4203 692 4283 etiam
715 4218 920 4284 omittendum
943 4226 998 4281 est

311 4327 328 4410 t
353 4329 404 4391 19.
450 4334 502 4402 τῆς
524 4330 584 4409 γὰρ
607 4329 802 4409 Πολεμάρχου
824 4329 960 4406 γυναικὸς
983 4333 1108 4409 χρυσοῦς
1128 4327 1294 4404 ἑλικτῆρας,
1309 4319 1357 4397 οὓς

268 4436 368 4516 ἔχοντ’
392 4439 576 4520 ἐτύγχανεν,
601 4439 648 4506 ὅτε
671 4441 704 4507 τὸ
728 4447 837 4522 πρῶτον
860 4434 942 4513 ἦλθεν
962 4441 1000 4512 εἷς
1016 4441 1068 4514 σὺν
1083 4439 1172 4503 οἰκίαν
1188 4436 1337 4514 Μηλόβιος
1344 4486 1353 4517 ,
1459 4503 1468 4516 ,
