3074 5210
312 675 373 740 illis
405 678 668 762 pronunciaverit,
701 679 819 763 reliqua
853 679 881 762 (b
909 680 963 763 36)
986 678 1147 742 manifesto
1170 685 1325 764 pugnant3
1350 677 1406 742 sin

312 787 468 852 Bromium
496 790 606 880 probes
636 789 874 856 adscribentem:
907 788 1039 874 populus
1070 788 1199 852 iusserat
1227 810 1296 866 eos,
1320 810 1405 872 quos

311 897 498 964 indicaverat
521 902 691 985 Agoratus,
720 923 821 965 coram
843 899 957 964 iudicio
980 898 1027 963 bis
1050 898 1135 964 mille
1157 898 1295 963 iudicum
1317 899 1405 962 iudi-

313 1011 374 1074 cari
400 1013 448 1094 (ut
475 1012 680 1098 supplendum
703 1013 744 1076 sit
766 1015 794 1077 έν
816 1012 893 1092 διςχ.
919 1011 1024 1083 αὐτοὺς
1046 1012 1186 1091 κρίνεσθαι
1209 1013 1403 1092 ἐψηφίσατο,

313 1122 343 1185 vi
365 1121 684 1209 plusquamperfecti)‚
709 1123 847 1188 oboritur
870 1122 1019 1208 quaestio,
1045 1121 1199 1206 quomodo
1222 1122 1260 1187 de
1282 1122 1404 1187 iudicio

313 1241 397 1298 extra
427 1234 565 1300 ordinem
594 1236 739 1300 instituto
769 1234 831 1300 dici
862 1234 1010 1320 possitis
1033 1235 1073 1310 τῷ
1096 1234 1282 1314 δικαστηρίῳ,
1306 1256 1403 1319 porro

312 1344 465 1429 quomodo
488 1368 542 1431 per
565 1347 788 1433 appositionem
811 1344 883 1409 addi
904 1345 1001 1430 possit
1023 1345 1211 1426 ἕνδιςχιλίοις
1223 1397 1233 1421 ,
1246 1344 1404 1430 qualead-

312 1455 514 1521 ditameutum
545 1457 618 1522 alibi
645 1458 706 1522 fere
736 1457 908 1542 legitimum
928 1456 1065 1540 'aliquam
1090 1462 1120 1520 et
1144 1456 1320 1521 sollemnem
1342 1479 1404 1520 uu-

235 1553 236 1558 *
310 1591 427 1633 merum
450 1568 582 1647 indicat;
607 1569 738 1655 danique
761 1570 873 1634 mirum
897 1574 994 1645 esset,
1008 1567 1156 1632 iudicium
1175 1566 1301 1653 aliquod
1313 1575 1403 1632 extra

289 1679 448 1745 'ordinem
479 1681 518 1745 ed
548 1681 730 1767 frangendas
761 1680 919 1767 popularis
954 1679 1096 1745 factionis
1120 1683 1197 1745 vires
1219 1681 1402 1745 institutum

311 1793 415 1857 subito
438 1800 592 1858 mutatum
614 1817 678 1858 esse
700 1795 744 1857 ita
766 1801 803 1858 ut
826 1792 1026 1858 metuendum
1049 1801 1127 1856 esset
1149 1801 1195 1856 ue'
1211 1785 1319 1878 populi
1333 1792 1402 1862 fau-

309 1912 390 1968 tores
421 1904 598 1970 absolveret.
646 1904 705 1970 Sed
736 1904 861 1970 remotis
893 1903 993 1968 verbis
1024 1905 1138 1968 notatis
1161 1903 1271 1968 melius
1295 1925 1401 1990 proce·

309 2015 395 2080 deret
424 2016 574 2080 narratio:
607 2019 630 2081 εί
653 2017 706 2094 μέν
733 2014 780 2082 οὖν
810 2019 839 2081 ἐν
870 2019 911 2096 τῷ
934 2017 1104 2096 δικαστηρίῳ
1123 2017 1275 2096 ἐκρίνοντο,
1298 2013 1399 2096 ῥᾳδίως

308 2127 344 2194 ἀν
367 2127 516 2209 ἐσώζοντο,
540 2134 602 2194 iam
624 2151 709 2206 vero,
730 2135 776 2206 si,
797 2127 863 2192 rell.
889 2127 927 2191 In
946 2128 1092 2212 proximis
1109 2127 1184 2192 haec
1196 2121 1342 2207 ἐνῷοὐδὲν
1354 2125 1399 2190 ἔτι

309 2242 433 2320 ἀφελεῖν
456 2241 590 2307 &drocis
617 2241 773 2326 iungenda
797 2248 869 2306 sunt
893 2263 964 2304 cum
987 2241 1050 2316 ἤδη
1074 2239 1232 2317 ἐγνωκότες
1255 2234 1316 2314 ἦτε.
1340 2236 1399 2301 Re-

223 2411 225 2415 .
308 2351 541 2437 prehensionem
564 2353 725 2418 continent
748 2352 902 2417 tarditatis
927 2359 958 2416 et
980 2353 1148 2437 imperitiae
1171 2374 1234 2416 nou
1250 2372 1322 2414 sane
1337 2351 1398 2414 boo

308 2463 376 2527 loco
417 2467 633 2544 necessariam,
675 2474 705 2530 et
734 2489 788 2551 per
818 2488 849 2530 se
881 2464 1027 2530 acerbam.
1078 2463 1184 2549 Longe
1215 2462 1397 2549 praeferrem

220 2625 223 2630 ,
308 2581 356 2639 νῦν
379 2575 403 2639 δ’
418 2575 468 2659 ἐφ’
490 2571 511 2658 ᾧ
538 2576 614 2641 οὐδέν
637 2577 678 2642 ἔτι
699 2580 822 2658 ἀφελεῖν
842 2575 989 2658 δίναισέε,
1011 2577 1051 2648 είς
1074 2577 1127 2650 τὴν
1149 2575 1257 2653 βουλὴν
1276 2612 1320 2622 -
1341 2575 1397 2645 είς·

308 2685 438 2765 dycaeo.

350 2800 442 2881 §bb
490 2803 642 2884 Agoratus
674 2802 705 2864 in
737 2799 912 2864 defensione
940 2809 1158 2886 provocaturus
1182 2807 1246 2864 erat
1270 2798 1307 2862 ad
1331 2797 1397 2860 Me-

308 2917 493 2989 nestratum3
524 2910 575 2975 hic
606 2913 687 2976 enim
718 2911 859 2978 similiter
890 2911 1042 2976 detulerat
1074 2912 1193 2995 aliquos
1224 2919 1255 2976 et
1285 2908 1396 2974 deinde

308 3020 408 3084 salvus
432 3038 575 3088 evaserat.
622 3023 682 3088 Sed
706 3023 848 3088 consulto
871 3023 1017 3088 reticebat
1041 3024 1213 3108 Agoratns,
1230 3022 1397 3086 Menestra-

307 3141 374 3196 tum
398 3141 503 3218 postea
528 3137 626 3221 capite
649 3135 828 3201 damnatum
851 3136 948 3200 iustas
972 3157 1085 3220 poenas
1108 3134 1237 3198 dedisse.
1285 3132 1395 3215 Itaque

308 3247 478 3309 accusatori
509 3246 678 3312 sufficiebat
707 3247 766 3312 hoc
789 3254 910 3310 tantum
934 3245 1063 3323 addere,
1087 3252 1123 3308 ut
1147 3229 1245 3308 omnis
1269 3242 1323 3306 illa
1347 3264 1396 3305 ex-

307 3357 425 3420 cusatio
449 3365 604 3422 corrueret
611 3385 620 3436 3
646 3358 728 3444 quod
752 3358 905 3422 fecithoc
929 3359 1063 3421 sectione
1087 3363 1117 3420 et
1133 3377 1230 3440 seqq.
1248 3354 1396 3437 Sequitur

307 3466 379 3532 inde
408 3468 562 3549 ἀναφέρειν
592 3491 657 3532 esse
684 3492 864 3554 provocare,
896 3475 926 3532 at
949 3467 1154 3533 omittendum
1177 3489 1241 3530 esse
1263 3467 1310 3548 τί,
1335 3464 1394 3529 hoc

308 3579 415 3644 modo:
440 3578 532 3644 ἀκούω
555 3579 580 3642 δ’
601 3579 688 3644 αὑτὸν
712 3578 760 3644 καί
785 3579 824 3650 είς
848 3579 1050 3658 Μενέστρατον
1073 3579 1226 3659 ἀναφέρειν
1251 3577 1394 3657 περὶτῶν

308 3693 491 3774 ἀπογραφῶν
520 3692 591 3773 (sac.
619 3689 751 3755 Bakium
783 3698 814 3754 et
842 3689 1003 3754 Westerm.
1035 3711 1090 3774 pro
1117 3689 1251 3772 γραφῶν)
1274 3688 1393 3752 τούτων.

308 3802 404 3887 Saepe
426 3803 580 3884 ἀναφέρειν
604 3801 742 3867 absolute
765 3802 901 3886 ponitur.
948 3801 1025 3865 Plat.
1044 3801 1144 3867 Alcib.
1162 3799 1187 3864 Ι.
1207 3802 1280 3864 111.
1298 3801 1336 3862 Α.
1353 3801 1395 3870 είς

307 3915 374 3987 τοὺς
396 3915 501 3987 αὐτοὺς
524 3915 677 3995 ἀναφέρω,
702 3911 748 3986 οὓς
771 3915 807 3978 σὺ
830 3917 889 3997 φῂς
912 3916 942 3978 οὐ
969 3914 1139 3986 στονδαίονς
1162 3909 1233 3978 εἶναι
1256 3911 1395 3977 traseae-

306 4039 383 4096 λονς.
420 4023 466 4088 Of.
490 4024 532 4089 ib.
560 4027 631 4089 112.
656 4023 695 4088 D.
731 4023 890 4089 Demosth.
918 4026 970 4088 18.
994 4026 1074 4087 224:
1098 4025 1170 4105 τῷδε
1186 4025 1239 4102 μέν
1254 4021 1394 4089 ἔστ’ἀνε-

217 4224 218 4227 ¹
308 4143 419 4212 νεγκεῖν
449 4137 495 4200 ἐτ’
519 4137 647 4208 ἐκείνους.
681 4138 732 4200 28.
759 4140 796 4200 9;
821 4136 887 4201 τοτὲ
909 4136 962 4214 μὲν
983 4138 1023 4208 είς
1046 4137 1194 4212 ἀλλήλους
1216 4136 1392 4217 ἀναφέρετε.
1510 4176 1513 4182 ·

307 4246 414 4332 Eurip.
439 4247 506 4310 Ion.
533 4249 614 4314 827:
640 4248 727 4319 ἀλοὺς
751 4247 804 4324 μέν
826 4247 945 4329 ἀνέφερ’
966 4249 1005 4320 είς
1026 4247 1075 4313 τὸν
1090 4247 1223 4325 δαίμονα.
1246 4247 1283 4311 cf.
1300 4269 1395 4332 supra

312 4361 361 4422 12.
387 4362 439 4422 28.
486 4359 518 4424 si
541 4361 695 4444 ἀναφέρειν
717 4358 757 4432 είς
779 4384 846 4424 τινα
869 4369 960 4424 esset:
985 4360 1095 4425 referre
1119 4359 1156 4423 ad
1179 4360 1312 4443 aliquem
1328 4367 1396 4424 tan·

310 4493 402 4556 quam
426 4481 596 4551 auctorem,
621 4472 805 4557 requirerem
828 4476 856 4538 τί
882 4477 937 4538 τῶν
961 4473 1159 4554 ἀπογραφῶν,
1184 4472 1295 4536 omisso
1317 4473 1393 4552 σερί.
