3126 5210
712 423 775 484 ala
808 483 813 494 ,

189 617 330 694 Scheib.;
355 617 448 682 Diod.
474 617 562 682 XIV.
587 642 613 683 c.
639 621 791 702 illutque
815 619 875 704 ipsi
891 621 1108 696 conniverent,
1126 619 1220 703 siqui
1236 641 1290 703 per

189 727 353 790 Boeotiam
377 749 460 791 arma
484 727 515 792 in
539 725 667 812 triginta
690 729 771 792 viros
795 736 950 793 moverent
970 730 1033 812 (ἐὰν
1050 729 1135 800 δέτιι
1148 727 1288 807 Ἀθήναζε

190 839 240 902 διαὶ
266 845 319 911 τῆς
342 838 479 908 Βοιωτίας
503 839 551 902 εἰιὶ
576 841 641 909 τοὺς
662 839 812 919 τυράννους
831 839 913 904 ὅπλα
932 839 1034 920 κυμίζν
1052 837 1119 914 aad
1139 837 1204 916 ὁρᾶν
1220 859 1287 900 τινα

191 946 333 1022 Θηβαίων
356 947 427 1022 μήτ’
449 948 570 1014 deodata.
596 947 643 1013 Ol.
661 948 766 1032 Pelop.
785 951 827 1032 6).
861 947 975 1013 Thebis
990 947 1200 1033 Thrasybulus
1216 967 1285 1008 oum

191 1055 303 1138 exigua
337 1077 432 1118 manu
467 1055 505 1119 od
540 1056 713 1121 liberandas
743 1057 880 1122 Athenas
912 1057 1066 1142 profectus
1097 1063 1153 1120 est.
1199 1054 1287 1134 Quae

190 1165 338 1230 beneficia
362 1165 455 1248 legati
477 1164 616 1231 Thebani
640 1174 747 1250 postea
769 1189 796 1230 a.
822 1168 886 1230 305
912 1165 1155 1230 Atheniensibus
1179 1167 1211 1230 in
1227 1187 1288 1229 me·

189 1275 318 1338 moriam
349 1282 494 1338 revocant
529 1275 591 1339 ΙΙΙ.
618 1278 648 1339 5.
675 1279 709 1354 8,
735 1297 802 1360 sqq.
849 1276 915 1340 Iam
939 1298 1010 1340 vero
1033 1275 1218 1360 Thrasybuli
1240 1297 1288 1338 oo-

188 1391 297 1446 natum
329 1406 346 1446 a
376 1384 531 1449 Thebanis
563 1387 655 1451 etiam
688 1387 819 1471 peourda
846 1385 988 1450 adiutum
1013 1385 1108 1449 fuisse
1131 1384 1288 1469 probabile

188 1500 252 1570 est,
285 1515 413 1578 eamque
444 1517 526 1558 rinno
558 1518 577 1558 a
606 1495 732 1558 Boeotis
764 1495 970 1580 nequicquam
992 1494 1157 1578 repetitam
1182 1493 1286 1556 hrisse.

189 1602 257 1664 Hoc
283 1603 351 1686 ipso
379 1611 516 1688 tempore
541 1603 657 1668 bellum
681 1604 761 1668 inter
783 1603 1043 1668 Lacedaemonios
1068 1612 1098 1667 et
1124 1603 1214 1667 Eleos
1238 1624 1287 1685 go-

188 1711 322 1775 rebatur.
370 1709 452 1774 Nam
483 1711 657 1796 Xenophon
688 1712 770 1776 Hell.
804 1713 866 1776 III.
896 1716 926 1778 2.
954 1716 993 1775 21
1021 1713 1128 1778 eodem
1151 1725 1287 1796 tempore

189 1843 250 1904 quo
275 1819 466 1904 Dercyllidas
490 1821 522 1884 in
547 1822 622 1884 Asia
650 1821 766 1886 bellum
788 1830 908 1906 gereret
923 1829 1101 1906 susceptum
1117 1821 1286 1906 significat3

188 1928 379 2014 Dercyllidas
410 1937 513 1994 autem
542 1939 731 1995 successerat
754 1931 954 2009 Thimbroni,
980 1932 1033 2017 qui
1057 1930 1228 2015 imperabat
1250 1951 1286 1992 eo

188 2047 325 2123 tempore
348 2061 410 2122 quo
433 2040 539 2119 Κύρειοι
564 2039 722 2118 redibant,
741 2041 761 2104 i.
780 2063 806 2104 e.
823 2063 906 2105 anno
922 2043 987 2103 400
1005 2039 1116 2104 medio.
1141 2039 1188 2102 Of.
1206 2037 1288 2100 Olin-

188 2155 252 2212 ton.
281 2149 320 2212 ad
351 2171 378 2212 a.
403 2153 467 2212 400
492 2155 522 2214 et
546 2149 578 2212 in
602 2151 683 2234 App.
708 2151 752 2214 II.
778 2173 811 2234 p.
838 2154 922 2229 289,
946 2149 1044 2234 Krtig.
1080 2149 1153 2214 Non
1176 2149 1287 2212 mhum

188 2257 349 2322 Thebanos
372 2281 461 2342 aegre
487 2259 596 2323 tulisse
620 2259 824 2324 Athenienses
848 2261 880 2324 in
905 2283 940 2324 ea
962 2284 995 2325 re
1018 2259 1175 2344 Spartanis
1198 2280 1286 2341 opem

188 2367 279 2444 ferre,
305 2389 402 2450 qnam
427 2369 486 2452 ipsi
511 2390 580 2432 cum
605 2369 774 2433 Corinthiis
799 2378 988 2439 recusassent
1011 2370 1107 2453 (Hell.
1132 2370 1152 2432 l.
1174 2369 1195 2432 l.
1221 2370 1285 2452 25).

189 2477 281 2542 Nunc
312 2478 408 2562 igitur
440 2479 549 2542 Boeoti
579 2481 675 2564 raptis
699 2479 936 2544 Atheniensium
961 2480 1048 2544 bonis
1073 2502 1120 2544 res
1143 2483 1287 2563 repetunt

190 2585 295 2668 (σύλας
320 2593 490 2671 ποιοῦνται).
538 2589 648 2653 Paucis
677 2590 766 2654 annis
793 2598 863 2674 post
887 2592 976 2674 (395)
999 2589 1158 2654 recruduit
1181 2587 1286 2651 simul-

153 2729 162 2734 ·
190 2703 236 2758 tas
259 2703 366 2760 eontra
388 2697 646 2764 Lacedaemonios
671 2707 701 2764 et
723 2699 840 2764 viribus
856 2699 1082 2783 quodammodo
1098 2697 1284 2782 reeuperatis

191 2827 279 2868 ausae
309 2813 383 2868 snnt
414 2806 554 2870 Athenae
585 2808 763 2872 societatem
794 2831 864 2872 oum
894 2809 1048 2874 Thebanis
1080 2809 1158 2872 inire
1188 2805 1283 2890 (Hell.

191 2915 251 2978 ΙΠ.
278 2918 307 2978 5.
340 2918 401 2998 16).

233 3025 281 3088 De
310 3024 470 3088 navalibus
502 3025 660 3108 murisque
689 3049 766 3110 quae
798 3026 945 3090 dicuntur
975 3027 1052 3108 (τοὺς
1074 3025 1104 3089 δὲ
1129 3025 1285 3096 saeculares

188 3133 236 3196 nal
271 3135 312 3198 rel
346 3136 433 3214 τείχη
469 3136 741 3218 περικαταρῥένντα)
773 3136 870 3200 nulla·
891 3135 1033 3220 indigent
1063 3133 1283 3220 explicatione,

189 3264 284 3325 quum
308 3250 428 3308 constet
451 3266 556 3307 muros
580 3266 660 3308 anno
684 3245 808 3310 demum
832 3248 895 3308 303
922 3268 939 3308 a
962 3244 1090 3308 Conone
1113 3244 1208 3306 fuisse
1223 3265 1283 3306 res-

189 3353 310 3416 titutos.

234 3462 375 3527 Sectione
402 3466 442 3526 14
466 3463 708 3528 Strombichides
732 3471 763 3528 et
786 3463 938 3529 Galliades
960 3465 1107 3529 dicuntur
1122 3486 1140 3527 a
1155 3463 1283 3547 triginta

190 3572 261 3636 viris
292 3573 455 3637 interlecti.
503 3574 751 3639 Strombiehidcn
784 3581 886 3638 autem
915 3575 1023 3660 Lysias
1057 3578 1108 3639 13.
1137 3577 1175 3637 13
1204 3596 1284 3636 com·

190 3689 338 3746 memorat
370 3705 440 3746 eum
471 3683 703 3769 Dionysodoro:
739 3684 896 3762 apostotus
928 3684 952 3747 δ’
983 3687 1062 3764 αὐτῷ
1091 3683 1283 3768 (Therameni

192 3791 302 3876 Sparta
332 3793 486 3878 redeunti)
514 3801 570 3858 τῶν
593 3820 626 3859 τε
653 3801 826 3875 στρατηγῶν
847 3819 921 3866 τινες
944 3795 993 3858 καὶ
1017 3801 1072 3858 τῶν
1094 3791 1280 3875 ταξιάρχων,

192 3899 228 3966 ὧν
252 3901 527 3986 lassataslasatas
555 3905 604 3969 καὶ
632 3904 850 3988 Διονυσόδωρος,
873 3902 924 3967 καὶ
947 3901 1033 3968 ἄλλοι
1056 3904 1129 3975 τινὲς
1150 3908 1205 3966 τῶν
1229 3926 1280 3967 νιν-

191 4019 276 4076 aaa
307 4010 377 4078 advos
408 4013 485 4085 ὄντες
518 4015 601 4096 ὑμῖν,
634 4012 669 4085 ὥς
700 4013 733 4090 γ’
762 4013 909 4087 ἐδήλωσαν
940 4011 1072 4092 ὕστερον,
1097 4011 1281 4088 ἠγανάκτουν

191 4123 315 4203 σφοῗρνι.
357 4123 427 4204 Quo
455 4125 619 4208 specimine
646 4122 890 4188 benevolentiam
915 4139 986 4206 erga
1009 4121 1159 4206 populum
1183 4128 1282 4186 osten·

193 4234 311 4313 derint,
340 4234 450 4298 collata
472 4235 489 4318 0
512 4236 552 4296 39
579 4240 609 4296 et
632 4232 683 4296 all.
708 4231 837 4296 dubium
861 4253 1010 4296 essenon
1033 4237 1152 4316 potest3
1178 4253 1281 4315 quem·

192 4343 358 4410 admodum
387 4345 467 4409 enim
491 4343 740 4428 Dionysodorus,
766 4342 804 4406 de
831 4365 893 4426 quo
916 4341 1028 4406 diserte
1052 4340 1109 4404 hoc
1132 4341 1278 4418 refertur,
