3128 5208
851 431 870 492 ⁶
938 507 940 512 .

320 635 485 698 orationem
509 632 546 696 de
569 639 677 696 trunco
700 630 782 694 oleae
806 631 904 694 exciso
927 631 1138 715 pronunciavit
1154 631 1207 713 (or.
1227 631 1257 713 7)
1278 627 1405 692 nullum

320 744 411 809 habet
434 743 557 808 verbum
581 765 617 806 ex
640 748 705 806 arte
728 763 783 804 sua
806 741 952 826 petitum,
977 741 1036 804 nisi
1060 741 1136 804 forte
1167 740 1294 806 dubium
1318 739 1403 816 illud

320 854 447 936 capucini
471 857 488 940 d
512 857 563 918 24.
600 853 694 918 Acuti
718 875 789 917 sane
813 859 899 917 erant
922 852 1123 917 Athenienses
1147 850 1290 916 ad'iocos
1313 858 1344 916 et
1359 852 1405 916 fa-

320 967 412 1030 cetias
443 964 739 1042 animadvertendas,
772 964 825 1029 sed
855 970 957 1028 tamen
987 985 1043 1028 nos
1073 986 1135 1029 non
1157 964 1201 1027 ita
1222 963 1345 1028 hebetes
1371 971 1406 1027 et

319 1077 445 1142 obtusos
475 1078 506 1141 in
530 1077 588 1140 hoc
610 1098 719 1161 genere
742 1075 898 1152 existimo,
923 1075 998 1159 quin
1021 1073 1120 1138 multo
1144 1074 1239 1158 plura¹
1253 1072 1405 1138 iocularia

320 1188 459 1253 debuisse
490 1180 559 1252 dici
572 1187 603 1250 in
627 1187 763 1250 oratione
787 1209 841 1271 pro
865 1185 984 1250 Olaudo
1007 1186 1073 1270 (24)
1096 1192 1230 1250 statuere
1253 1185 1403 1263 audeam,

320 1301 346 1364 si
375 1299 480 1384 Lysias
511 1321 612 1363 senem
642 1297 798 1362 senrrilem
828 1297 867 1361 ob
898 1296 1003 1362 oeulos
1033 1319 1144 1382 ponere
1175 1297 1335 1374 voluisset,
1369 1303 1404 1360 et

246 1397 247 1400 Ἴ
320 1411 442 1477 omnino
465 1411 566 1473 iocum
589 1409 745 1473 scurrilem
767 1431 874 1493 parum
896 1408 1001 1474 decere
1017 1408 1220 1493 eloquentiam
1240 1409 1401 1474 sorensem.

319 1520 379 1585 Sed
410 1520 468 1584 hoc
497 1518 610 1584 habent
641 1518 697 1583 hae
727 1519 877 1583 orationes
907 1519 985 1583 inter
1016 1542 1047 1584 se
1078 1525 1108 1582 et
1138 1541 1208 1584 oum
1239 1542 1290 1596 ea,
1321 1541 1404 1604 quae

299 1639 366 1696 ¹est
396 1630 433 1694 de
462 1630 550 1695 bonis
578 1631 792 1716 Aristophanis
816 1632 881 1715 (19)
904 1653 1081 1708 commune,
1107 1631 1190 1716 quod
1215 1633 1268 1716 qui
1291 1631 1404 1696 dicunt

320 1741 484 1806 admodum
507 1743 634 1827 ingenui
649 1749 728 1806 'sunt
751 1749 782 1806 et
805 1742 973 1827 simplices,
997 1749 1034 1805 ut
1057 1764 1152 1826 paene
1176 1742 1253 1806 fatui
1269 1739 1404 1806 ethardi

321 1854 489 1918 videantur.
525 1851 670 1918 Oratione
691 1852 819 1938 septima
834 1853 966 1937 agricola
981 1847 1112 1937 speciem
1128 1851 1305 1936 prudentiae
1321 1875 1406 1916 aver·

321 1973 405 2029 satur
434 1966 451 2049 q
476 1967 533 2028 12:
564 1961 620 2029 door
651 1989 690 2043 με
719 1964 859 2047 <odouacer
888 1963 973 2028 δεινὸν
1004 1958 1075 2028 εἶναι
1105 1962 1153 2028 ecl
1177 1963 1253 2028 οὐδὲν
1282 1962 1317 2028 ἂν
1340 1965 1404 2045 εἰκῇ

320 2075 369 2140 καὶ
393 2075 557 2152 ἀλογίστως
580 2083 714 2153 ποιῆσαι,
743 2074 924 2153 ἠγανάκτουν
947 2069 993 2138 ἄν.
1028 2073 1128 2138 Paene
1151 2075 1281 2138 stultum
1304 2075 1406 2140 videa·

320 2193 372 2250 tor
394 2185 476 2270 quod
499 2185 573 2250 dicit
596 2186 690 2262 serio,
714 2193 859 2270 tanquam
883 2184 1080 2250 affirmatione
1103 2185 1256 2271 indigeat,
1274 2209 1309 2250 ea
1324 2179 1405 2272 quae

283 2325 287 2332 ·
322 2303 411 2361 antea
438 2317 501 2360 non
525 2296 730 2373 exstitissent,
755 2301 825 2380 post
848 2294 946 2358 excidi
968 2316 1030 2358 non
1054 2297 1189 2379 potuisse
1212 2298 1240 2380 (q
1266 2299 1327 2379 ll).
1363 2298 1404 2362 In

322 2407 475 2472 Simonem
498 2407 588 2472 verba
610 2408 722 2478 faciens
744 2409 776 2491 (3
800 2409 886 2492 §36)
909 2406 1053 2485 affirmat,
1071 2408 1174 2493 fugere
1191 2431 1258 2486 eos,
1275 2409 1308 2473 in
1324 2427 1403 2494 quos

321 2519 452 2603 impetus
484 2517 550 2594 fiat,
581 2519 702 2603 insequi
732 2540 800 2596 eos,
831 2519 885 2603 qui
912 2518 1055 2582 iniuriam
1081 2518 1277 2586 meditentur.
1323 2519 1402 2586 Rem

320 2630 444 2694 minime
467 2628 599 2694 dubiam.
638 2629 697 2694 Sed
720 2630 831 2696 tacitus
854 2651 909 2714 pro
933 2651 1074 2694 concesso
1091 2631 1202 2708 sumit,
1219 2654 1252 2696 se
1267 2631 1400 2716 fugisse,

320 2763 383 2804 non
411 2739 570 2824 petivisse,
595 2741 676 2825 quod
700 2740 830 2806 dubium
853 2741 976 2806 omnino
1001 2747 1081 2821 eret;
1104 2754 1210 2808 contra
1233 2743 1342 2821 efficit,
1367 2754 1404 2809 ut

320 2851 352 2914 in
382 2872 414 2914 re
443 2851 566 2916 minime
594 2851 690 2916 dubia
720 2851 810 2917 cardo
841 2852 884 2916 rei
906 2853 1018 2917 versari
1040 2853 1197 2933 videatur,
1223 2854 1402 2920 auditorum

321 2961 438 3025 animos
468 2963 506 3026 ah
537 2986 589 3042 eo,
613 2963 696 3048 quod
719 2964 778 3048 sihi
797 2960 966 3042 officiebat,
991 2944 1153 3031 abducens.
1189 2964 1333 3031 Oratione
1359 2971 1400 3032 16

324 3073 513 3138 Mantitheus
537 3097 567 3138 se
590 3083 730 3153 excusat,
755 3075 838 3161 quod
861 3074 1035 3140 adolescens
1059 3077 1169 3141 audeat
1192 3077 1308 3156 dicere,
1335 3101 1405 3143 con-

323 3187 470 3253 tinentem
493 3209 524 3250 se
545 3185 691 3251 describit
713 3188 745 3251 in
767 3187 831 3252 vita
853 3194 884 3250 et
906 3187 1115 3267 innocentem,
1138 3196 1175 3252 ut
1192 3188 1351 3254 abhorreat
1364 3189 1402 3254 ab

325 3300 389 3363 alea
412 3305 442 3362 et
461 3299 547 3377 vino,
564 3299 646 3365 uude
661 3299 734 3364 meli
748 3321 883 3364 rumores
903 3299 940 3364 de
959 3299 1025 3384 ipso
1045 3300 1082 3365 ab
1103 3300 1280 3386 aequalibus
1290 3299 1403 3364 inuidis

324 3416 504 3494 spargantur
527 3411 554 3494 (q
578 3412 616 3472 11
639 3417 669 3473 et
690 3411 753 3495 20).
779 3411 993 3495 Aristophanis
1010 3411 1122 3490 affinis,
1144 3412 1345 3497 quioratioue
1360 3414 1400 3475 19

299 3581 301 3583 ,
323 3518 414 3583 verbe
436 3519 525 3596 facit,
549 3519 676 3604 triginta
694 3542 790 3583 annos
809 3527 900 3584 natus
919 3523 946 3606 (d
965 3523 1028 3605 55),
1049 3529 1084 3585 ut
1105 3545 1136 3587 se
1153 3522 1307 3587 iudicibus
1323 3545 1402 3585 oom-

322 3630 460 3709 mandet,
484 3653 651 3714 numquam
673 3653 705 3695 se
727 3631 806 3716 patri
829 3630 1007 3705 oblocutum
1030 3655 1094 3697 esse
1117 3632 1209 3712 dicit,
1233 3655 1400 3718 numquam

323 3742 356 3806 in
378 3740 492 3806 iudicio
514 3763 613 3826 neque
635 3741 667 3806 in
691 3750 799 3806 senatu
821 3764 853 3806 se
875 3743 985 3819 fuisse;
1007 3743 1099 3808 fando
1122 3739 1153 3808 se
1168 3743 1336 3822 audivisse,
1353 3765 1392 3807 ca-

323 3853 470 3916 lumniam
491 3875 553 3916 rem
577 3875 641 3916 esse
662 3853 800 3917 omnium
822 3854 1030 3940 turpissimam
1053 3855 1079 3940 (d
1104 3857 1148 3940 5),
1172 3854 1253 3927 idem
1278 3862 1402 3939 epatre

247 4048 250 4055 Ι
324 3962 486 4047 comperit,
510 3985 599 4048 saepe
621 3963 654 4028 in
677 3963 872 4028 aestimandis
895 3964 983 4028 bonis
1006 3966 1119 4029 civium
1142 3966 1285 4030 erravisse
1308 3967 1402 4029 Athe·

322 4075 442 4138 aienses
465 4075 545 4159 (45);
567 4074 649 4138 idem
664 4075 793 4140 aliorum
809 4077 988 4141 auctoritate
1005 4077 1117 4155 credit,
1135 4077 1284 4162 optimum
1300 4100 1403 4162 quem·

323 4208 382 4270 que
405 4185 444 4249 ad
467 4187 585 4250 veniam
607 4187 832 4272 paratissimum
855 4212 919 4252 esse
942 4190 1017 4272 (53).
1053 4189 1216 4252 Manifesto
1240 4189 1272 4253 id
1296 4188 1399 4253 studet

323 4319 357 4360 ea
380 4297 478 4381 specie
501 4304 617 4375 orator,
640 4305 675 4361 ut
698 4299 828 4364 iniuriae
850 4301 953 4384 potius
975 4291 1124 4364 ohnoriius
1148 4323 1239 4384 quam
1261 4300 1299 4364 ad
1321 4301 1399 4364 frau-

324 4407 393 4472 dem
422 4408 563 4492 proclivis
594 4406 732 4472 videatur
762 4410 805 4488 is,
829 4411 938 4496 quise
961 4392 1105 4476 defendit.
1140 4410 1199 4476 Sed
1223 4435 1300 4497 quae
1323 4412 1398 4476 dicit
