3126 5210
814 461 876 520 182

305 679 366 720 non
404 654 567 740 prohibent
598 653 762 737 quominus
793 677 873 720 amm
905 678 967 720 uno
991 658 1148 722 duobusve
1173 665 1243 744 post
1266 660 1395 745 triginta

305 768 385 830 viros
410 764 608 848 compositam
631 771 787 846 putemus.

348 877 441 959 §13ss.
488 871 536 936 acl
568 870 690 946 δέξαιντ’
720 871 756 936 οῖν
789 873 898 955 (sermo
927 883 973 940 est
1003 875 1041 939 de
1064 877 1266 961 delatoribus)
1288 879 1396 958 μικρθιν

304 981 376 1049 εἶναι
406 983 458 1056 τὴν
488 981 571 1045 πόλιν
599 985 717 1055 μοῖλλον
747 981 763 1054 ἢ
795 981 829 1045 δι’
860 981 968 1055 σίλλους
996 986 1134 1062 μεγιίλκν
1157 985 1206 1050 καί
1230 986 1393 1065 ἐλευθέραν,

306 1091 455 1170 ἡγούμενοι
478 1096 526 1155 νῦν
548 1091 602 1166 μὲν
626 1089 673 1154 δια
695 1091 761 1160 τοὺς
783 1092 866 1174 [τῶν]
890 1093 923 1156 ἐκ
947 1099 1084 1174 Πειραιῶς
1106 1093 1273 1179 [κινδύνους]
1294 1096 1394 1167 αὑτοῖς

304 1202 408 1280 ἐξεῖναι
428 1207 515 1264 ποιεῖν
538 1197 556 1264 ύ
575 1223 603 1264 τι
625 1198 663 1263 θον
685 1198 866 1276 βούλωνται,
889 1201 940 1266 ἕθεν
964 1200 987 1265 δ’
1008 1200 1121 1283 ὕστερον
1142 1204 1209 1280 ὑμῖν
1229 1204 1263 1270 δι’
1284 1205 1394 1286 ἑτέρους

304 1313 430 1392 σωτηρία
460 1310 599 1386 νένκται,
634 1308 782 1378 τούτους
813 1309 879 1386 μὲν
909 1311 1181 1394 ἐπιλύσασθαι,
1213 1313 1335 1386 ἐκείνους
1366 1315 1396 1378 δὲ

305 1421 401 1502 μεῖζον
425 1420 601 1494 δυνήσεσθαι.
648 1416 750 1482 Loous
775 1441 855 1482 unus
880 1419 1018 1484 omnium
1041 1421 1258 1501 difficillimus;
1282 1423 1315 1488 in
1333 1445 1395 1507 quo

305 1533 419 1595 frustra
449 1530 576 1592 fortasse
608 1548 699 1611 opera
729 1529 933 1606 consumitur3
959 1529 1012 1593 sed
1036 1553 1133 1614 quum
1156 1532 1312 1612 sententia
1334 1533 1397 1616 pel·

305 1641 423 1716 luceat,
445 1639 496 1701 vix
515 1644 546 1700 te
566 1637 723 1700 contineas
743 1660 762 1699 a
778 1638 926 1702 tentanda
945 1640 1169 1706 emendatione.
1199 1640 1281 1706 Nam
1299 1665 1396 1728 quum

307 1749 447 1834 opposita
482 1747 545 1810 sint
574 1746 692 1817 τούτους
723 1753 753 1808 et
784 1746 921 1825 ἐκείνους,
953 1748 1012 1811 hoo
1042 1751 1195 1832 posterius
1228 1759 1332 1816 autem
1356 1752 1396 1816 ad

305 1858 480 1922 liberatores
510 1855 563 1939 qui
593 1855 721 1918 fortasse
750 1854 847 1919 futuri
876 1863 977 1920 essent
1000 1858 1168 1937 referatur,
1191 1861 1313 1932 τούτους,
1333 1883 1395 1925 non

306 1968 345 2031 ad
368 1967 443 2030 alios
467 1965 616 2049 respicere
638 1971 740 2049 potest
763 1987 856 2048 quam
879 1987 930 2029 eos
954 1968 1009 2050 qui
1033 1969 1205 2033 subiectum
1227 1973 1395 2036 sententiae

307 2077 460 2153 efficiunt,
485 2075 645 2139 delatores.
692 2073 787 2137 Porro
820 2096 915 2158 quum
939 2075 977 2140 de
1001 2076 1104 2140 alteris
1127 2077 1249 2142 dicatur
1271 2079 1396 2160 μεῖζον

305 2166 487 2262 δυνήσεσθαι,
512 2206 574 2248 non
597 2183 698 2261 μέγα,
722 2182 915 2266 intellegitur
937 2186 1114 2268 oppositum
1133 2208 1196 2251 non
1217 2208 1299 2251 esse:
1319 2191 1399 2254 nibil

301 2319 393 2382 posse
424 2305 477 2358 aut
506 2300 647 2370 ιἰνίειννε,
677 2292 731 2356 sed
747 2315 863 2377 porum
888 2297 1004 2375 volere,
1028 2301 1145 2360 veniam
1167 2301 1328 2373 invenire„
1342 2304 1396 2363 im·

301 2428 383 2491 ρκιιε
414 2427 486 2468 ease.
532 2403 571 2466 In
605 2403 684 2465 hano
715 2403 899 2466 sententiam
929 2404 1032 2469 looum
1062 2405 1276 2490 refingendum
1308 2415 1395 2493 puto.

307 2514 346 2578 In
370 2513 558 2578 ἐπιλύσεσθαι
586 2511 681 2574 latere
707 2509 785 2573 mibi
809 2510 932 2575 videtur
955 2513 1212 2592 ἐπιλύσεσθαι,
1236 2521 1273 2578 ut
1295 2515 1396 2601 legen-

307 2624 382 2688 dum
406 2623 447 2686 sit
469 2621 520 2684 ε’θιν
543 2620 568 2684 δ’
592 2618 705 2700 ὕστερον
730 2621 797 2697 ὑμῖν
821 2620 854 2684 δι’
878 2622 988 2700 ἑτέρους
1011 2625 1137 2703 συπνρρία
1157 2623 1297 2702 νθνκται,
1318 2627 1395 2692 τού·

305 2758 370 2798 των
400 2732 466 2809 μὲν
489 2731 584 2805 ὑμεῖς
608 2731 869 2805 ἐπιλύσεσθαι,
893 2730 1012 2802 ἐκείνους
1038 2732 1067 2795 δὲ
1089 2732 1187 2814 μεῖζον
1210 2733 1395 2810 δυνήσεσθαι,

305 2842 378 2919 „sin
394 2847 501 2925 postea
516 2839 603 2903 vobis
620 2839 704 2902 salus
721 2859 775 2923 per
791 2838 868 2902 alios
884 2845 1047 2917 nascatur,
1064 2839 1176 2905 horum
1192 2840 1395 2926 (delatorum,

305 2951 484 3035 ,,δεικτικι”ις)
518 2950 644 3033 quidem
675 2969 728 3012 vos
755 2947 845 3012 facile
869 2947 1041 3025 oblituros,
1065 2948 1269 3015 nihilominus
1293 2956 1397 3015 tamen

306 3061 480 3145 ,‚(quamvis
508 3061 571 3124 sint
593 3059 730 3144 impune)
755 3058 869 3122 alteros
893 3057 963 3121 illos
987 3059 1128 3142 potentia
1151 3059 1235 3144 ipsos
1259 3081 1325 3124 esse
1349 3083 1397 3124 su·

307 3170 522 3255 „peraturos”
569 3169 619 3233 Ita
654 3168 786 3232 strictim
822 3167 985 3253 exprobrat
1019 3167 1281 3247 Atheniensibus,
1314 3170 1398 3254 quod

307 3281 398 3344 nimis
422 3280 526 3344 faciles
551 3279 614 3343 sint
637 3279 676 3342 ad
700 3277 934 3362 ignoscendum.
958 3315 1003 3326 -
1027 3276 1123 3349 Οὗτος
1144 3279 1266 3363 saepius
1291 3279 1330 3344 de
1346 3279 1397 3343 ad·
1430 3355 1436 3361 ,

306 3391 438 3454 versario
462 3389 595 3465 dieitur,
620 3388 709 3453 cuius
725 3388 842 3452 mentio
858 3386 1015 3472 praecedit
1023 3435 1032 3464 ,
1051 3386 1105 3451 ubi
1120 3388 1210 3459 αύτθς
1226 3388 1275 3452 vel
1290 3391 1396 3455 ἑαυτοῦ

306 3506 473 3583 exspectes
521 3498 569 3562 Of.
601 3501 632 3561 3.
666 3500 723 3560 11:
756 3493 835 3569 οὗτος
861 3497 886 3561 δ’
909 3494 1074 3573 αἰσθόμενος
1097 3498 1197 3571 εὐθέως
1220 3497 1328 3574 ἥκοντα
1347 3502 1396 3565 τὸν

306 3608 442 3674 Θεόδοτον
475 3611 524 3673 καὶ
556 3607 742 3688 διατρίβοντα
765 3607 847 3687 παροδ
870 3606 1041 3687 Λνσιμοίχιρ
1063 3605 1092 3678 ὃς
1116 3605 1180 3688 ᾤκει
1201 3609 1324 3683 πλκσίον
1343 3618 1395 3684 τῆς

304 3717 413 3794 οἰκίας,
438 3715 469 3792 ἧς
492 3717 572 3790 ούτος
591 3719 789 3797 ἐμεμίσθωτο,
817 3714 1002 3796 παρεκοίλεσέ
1024 3741 1107 3789 τινας
1129 3722 1185 3782 τῶν
1208 3718 1311 3784 τούτου
1336 3721 1396 3784 ἐπι-

304 3827 430 3900 πκδείιον.
477 3828 525 3893 Ib.
551 3830 612 3892 28:
636 3828 718 3906 λέγει
741 3827 764 3891 δ’
787 3830 824 3898 ὥς
849 3831 932 3904 ἡμεῖς
956 3826 1078 3902 ἤλθομεν
1098 3826 1148 3890 ε’πί
1167 3829 1219 3901 τὴν
1237 3827 1328 3892 οἰκίαν
1343 3831 1395 3903 riso

303 3936 405 4001 τούτου
435 3936 571 4017 ύστρακον
601 3939 729 4018 ἔχοντες.
779 3939 830 3999 14.
856 3938 916 3999 31:
949 3935 1042 4000 καίτοι
1065 3936 1180 4017 σφόδρα
1202 3935 1323 4002 εἴθισται
1346 3938 1394 4002 λέ-

303 4070 384 4122 γειν,
416 4048 453 4116 ὡς
481 4048 532 4110 ούκ
554 4047 627 4118 είκύς
652 4047 713 4111 ἐστι
735 4046 784 4110 τὸν
806 4045 861 4122 μὲν
884 4044 1001 4124 πατέρα
1025 4048 1116 4110 αὐτοῦ
1138 4046 1322 4112 κατελθόντα
1344 4048 1393 4111 δοι-

303 4161 370 4236 ρεθις
403 4157 485 4236 παρθι
515 4162 565 4221 τοῖν
589 4157 679 4233 δύμον
702 4155 827 4240 λαβεῖν,
850 4162 949 4220 τοῦτον
973 4154 998 4218 δ’
1020 4155 1124 4227 οῖδίκυς
1148 4155 1194 4220 διαὶ
1217 4156 1270 4230 τὴν
1292 4158 1393 4237 <boyla

302 4266 355 4338 τὴν
383 4264 487 4330 ἐκείνου
514 4264 739 4341 διαβεβλῆσθαι.
788 4266 839 4328 13.
866 4265 923 4329 77:
948 4263 1042 4329 καίτοι
1068 4269 1129 4336 πῶς
1151 4264 1188 4329 θεν
1212 4264 1319 4341 γένοιτ’
1341 4266 1391 4328 olo·

302 4377 407 4453 θραπος
431 4376 620 4456 μιαρώτερος,
645 4375 722 4448 θ’στις
746 4374 822 4448 εἰδὼς
846 4373 888 4440 ύτι
911 4374 967 4440 είσί
989 4400 1063 4448 τινες
1086 4376 1134 4440 ἐπὶ
1160 4385 1241 4459 Φνλρῖ
1264 4382 1321 4442 τῶν
1338 4375 1392 4441 ύπθ
