3128 5208
673 470 712 531 ll

151 675 352 740 sobrietatem
381 679 502 736 secutus
533 679 628 748 essct,
659 677 760 732 tamen
790 686 893 749 reapse
924 662 987 726 fieri
1023 681 1084 723 non
1115 656 1231 743 potuit,

151 788 232 870 quin
264 787 297 850 in
328 792 407 869 apta·
425 784 551 847 istarum
581 780 759 845 tractefione
781 799 847 841 mos
869 776 901 839 io
925 781 1064 838 naturam
1085 775 1232 846 verteret,

152 893 254 980 eoque
277 882 419 960 remissus
442 902 520 958 esset
543 890 672 961 subinde
696 897 726 955 et
749 888 885 966 solutus,
908 885 961 952 ubi
976 883 1075 970 gravis
1090 887 1122 946 et
1137 879 1232 944 elatus

153 1030 222 1072 esse
245 1007 404 1092 potuisset.

567 1227 614 1294 De
638 1226 827 1292 Narratione.

203 1453 276 1518 Nou
306 1454 416 1537 exigua
446 1452 513 1516 laus
543 1459 589 1514 est
619 1449 711 1512 huius
742 1445 887 1522 oratoris,
921 1444 1005 1529 quod
1036 1443 1129 1507 dubia
1159 1460 1236 1524 quae

156 1574 245 1629 erant
268 1567 300 1629 iu
323 1587 413 1629 eausa
435 1565 479 1628 sic
501 1564 720 1647 interpretatus
743 1565 805 1636 est,
829 1568 865 1620 ut
887 1557 1065 1642 plerumque
1088 1554 1114 1618 si
1137 1552 1235 1616 solum

156 1676 241 1760 legas
264 1684 428 1755 oratorem,
452 1698 508 1740 nec
530 1675 590 1738 alia
613 1673 748 1738 conferas
771 1668 946 1734 testimonia
969 1667 1006 1731 de
1029 1666 1118 1732 rebus
1142 1663 1179 1728 ab
1198 1684 1234 1728 co

156 1787 296 1866 traditis,
311 1788 426 1853 fraudis
441 1797 472 1853 et
487 1786 594 1851 erroris
609 1807 647 1848 ne
663 1783 796 1868 suspicio
813 1781 936 1866 quidem
952 1781 1076 1856 oriatur,
1091 1775 1235 1860 quodque

156 1922 221 1964 rem
244 1899 282 1964 de
305 1923 366 1984 qua
388 1901 505 1986 agitur,
530 1895 684 1962 evidenter
706 1900 825 1971 narrat,
850 1901 886 1957 ut
909 1892 1006 1956 oeulis
1029 1911 1148 1955 cernere
1170 1909 1237 1951 eam

156 2011 217 2076 tibi
246 2011 383 2076 videaris.
429 2007 697 2087 lucrationibus,
722 2029 800 2093 quae
823 2011 953 2071 aetatem
974 2004 1127 2078 tulerunt,
1151 1998 1238 2064 nulla

157 2129 204 2186 est
227 2122 378 2200 narratio,
401 2122 476 2205 quin
500 2141 603 2184 omnes
626 2117 737 2183 habeat
759 2139 899 2180 numeros
923 2115 1068 2179 veritatis.
1115 2111 1237 2197 Inspice

157 2234 287 2318 primam
310 2232 359 2315 (de
381 2232 472 2298 caede
495 2229 662 2314 Eratosth.)
684 2232 701 2314 p
721 2229 839 2306 5-27,
862 2226 983 2292 tertiam
1006 2227 1049 2310 (in
1073 2223 1237 2306 Simonem)

157 2347 173 2429 p
197 2346 322 2421 5—19,
354 2341 564 2406 duodecimam
594 2341 638 2424 (iu
660 2339 904 2423 Eratosthenem)
925 2340 942 2422 p
964 2338 1091 2414 4-20,
1116 2335 1237 2400 tertiam

158 2454 308 2518 decimam
337 2453 381 2537 (iu
411 2454 590 2537 Agoratum)
620 2453 638 2537 p
663 2453 782 2514 5-42.
829 2449 867 2513 In
895 2449 944 2514 his
966 2448 1046 2514 nihil
1068 2448 1238 2512 detractum

160 2565 229 2628 volo
252 2563 290 2628 de
313 2563 460 2648 singulari
482 2562 590 2640 laude,
615 2583 676 2646 qua
698 2561 864 2646 Dionysius
888 2562 924 2645 (o.
953 2561 1004 2643 18)
1027 2558 1150 2644 Lysiam
1165 2557 1239 2620 cale-

160 2673 236 2738 brat.
283 2673 439 2738 Praeclare
468 2672 549 2737 idem
580 2671 629 2757 (de
659 2671 763 2749 Isaeo,
797 2673 867 2755 lut:
903 2677 954 2736 τοῦ
979 2671 1085 2737 Aeolon
1116 2669 1170 2745 μὲν
1192 2663 1238 2732 οὗν

160 2810 204 2858 τις
233 2784 459 2863 ἀναγιγνώσκων
486 2766 543 2856 ’τοὶς
575 2783 736 2865 διηγήσεις,
760 2781 836 2848 οὐδὲν
859 2780 895 2846 ἂν
918 2781 1061 2859 ὑπολάβοι
1089 2779 1169 2844 κατὰ
1191 2780 1237 2843 νέ-

160 2921 233 2978 χννν
253 2897 270 2972 ἣ
289 2894 431 2975 πονηρίαν,
443 2897 513 2960 aaa'
525 2897 562 2967 ὥς
580 2894 702 2976 ἡφύσις
722 2894 771 2958 uel
789 2897 805 2969 ἡ
820 2893 943 2967 ἀλήθεια
962 2895 1058 2972 φέρεν,Ι
1074 2891 1146 2956 αὐτὸ
1160 2893 1239 2955 τοῦτ’

161 3009 285 3088 ἀγνοῶν,
308 3003 350 3072 δ’το
373 3015 425 3081 τῆς
448 3006 555 3086 τέχνης
578 3005 611 3070 τὸ
630 3006 813 3082 μομήσοοσθοοο
837 3003 999 3084 τὴνφύσιν
1022 3004 1112 3077 αὐτὴν
1135 3001 1239 3085 (vulgo

161 3120 263 3202 αὐτῆς)
286 3117 424 3195 μέγιστον
447 3117 527 3197 ἔργον
551 3116 638 3182 ἐστίν.
674 3114 773 3180 Nemo
796 3116 921 3179 fortasse
944 3114 1040 3198 magis
1057 3120 1238 3178 consecutus

162 3235 207 3292 est
230 3236 266 3292 ut
288 3229 321 3292 io
343 3234 406 3292 arte
429 3227 527 3292 omnis
550 3234 651 3292 tamen
675 3227 808 3312 suspicio
832 3227 905 3290 artis
924 3225 1058 3302 abesset,
1076 3247 1167 3309 quam
1182 3224 1239 3309 Ly·

162 3340 230 3404 sias.
265 3338 376 3422 Itaque
399 3338 494 3402 statui
515 3359 578 3402 non
601 3337 704 3414 debet,
728 3336 911 3401 evidentiam
933 3335 1019 3400 illam
1032 3337 1239 3400 narrationum

162 3457 269 3535 sponte
299 3471 336 3513 ex
367 3449 492 3513 veritate
521 3449 565 3513 rei
595 3457 732 3513 narratae
755 3447 946 3512 efflorescere.
993 3447 1060 3510 Ima
1083 3447 1240 3510 sinceritas

162 3583 240 3646 quae
254 3560 376 3625 videtur
397 3559 435 3624 ab
459 3561 573 3624 astutia
585 3567 622 3624 et'
633 3559 799 3624 calliditate
814 3582 876 3624 uon
893 3558 992 3623 aliena
1007 3565 1063 3622 est.
1092 3557 1240 3622 Consulto

163 3673 243 3736 enim
266 3695 284 3735 a
306 3693 376 3735 vero
399 3671 519 3754 saepius
542 3671 669 3748 recedit,
694 3678 724 3734 et
746 3693 853 3734 causae
876 3671 977 3734 servit.
1024 3668 1056 3733 Si
1079 3669 1241 3734 adversari-
1294 3731 1300 3746 Β

163 3805 249 3846 orum
272 3781 422 3846 orationes
446 3782 579 3846 conferre
602 3805 772 3868 possemus,
797 3783 908 3847 clarius
930 3789 1102 3868 appareret,
1126 3780 1179 3844 sed
1202 3803 1240 3844 ue

163 3916 245 3958 nuuc
277 3891 402 3976 quidem
433 3894 617 3977 argumentis
647 3893 787 3958 destituti
819 3915 932 3957 sumus.
980 3891 1185 3956 Nicomachus
1214 3892 1242 3954 si

163 4010 283 4068 tantiam
314 4002 461 4068 effecisset
483 4003 522 4067 ad
546 4004 752 4068 damnandum
775 4003 1012 4088 Cleophontem‚
1038 4002 1240 4086 quantumin

165 4115 298 4178 oratione
321 4099 472 4178 tricesima
494 4115 617 4200 Lysias,
642 4124 787 4199 tauquam
809 4138 873 4178 rem
894 4115 1018 4179 minime
1039 4113 1181 4190 dubiam,
1198 4136 1241 4178 rc·

165 4225 238 4302 fert,
262 4248 324 4290 non
348 4226 493 4290 tacuisset
515 4225 552 4290 de
576 4248 611 4290 eo
635 4227 699 4312 ipse
715 4227 748 4291 in
764 4226 899 4290 oratione
913 4227 946 4290 in
964 4229 1140 4310 Aguratum.
1169 4223 1240 4287 Vid.

168 4337 218 4398 30.
253 4338 310 4412 ll,
342 4358 408 4419 sqq.
439 4336 508 4400 coll.
549 4339 598 4400 13.
624 4341 653 4402 2.
700 4335 906 4401 Nicomaohea
936 4343 1001 4400 tota
1032 4343 1062 4400 et
1092 4337 1244 4419 Agoratea

169 4444 348 4512 documento
370 4454 458 4526 sunt,
481 4443 593 4514 mirum
616 4450 648 4514 in
670 4448 795 4513 modum
810 4455 975 4527 oratorem,
992 4455 1027 4512 ut
1043 4447 1163 4532 culpam
1178 4469 1241 4510 reo·
