3074 5210
823 461 864 527 78

278 645 343 732 οπο
374 662 509 728 alienum
541 661 793 728 additamentum.
840 661 981 728 Pulcram
1017 663 1134 736 seilicet
1167 665 1323 736 victoriam
1357 667 1394 734 ei

297 774 443 840 dederant
473 774 589 840 iudices
620 775 652 838 in
684 775 848 841 certamine
875 797 946 840 cum
970 775 1127 861 Dionysio.
1176 777 1294 844 Acerba
1317 799 1395 844 oum

296 887 394 953 ironia
424 885 571 970 loquitur.
619 885 721 950 Multo
754 885 957 952 confidentius
981 886 1042 964 dici
1066 897 1182 974 potest,
1207 889 1297 954 verba
1319 886 1395 970 ἕνῇ

295 998 328 1064 in
359 997 485 1082 vulgata
515 1019 576 1062 non
606 1006 678 1082 epta
701 1015 775 1061 esse.
822 996 894 1062 Iur'e
923 997 1084 1084 Emporias
1108 1000 1284 1085 requirebat
1305 1002 1335 1066 ἐν
1357 995 1393 1082 ᾧ.

296 1109 490 1184 Probabilius
521 1117 623 1182 temen
655 1115 701 1172 est
732 1109 766 1184 ἢ,
800 1131 836 1172 ex
866 1131 927 1194 quo
951 1132 1046 1194 quum
1070 1132 1143 1176 casu
1166 1109 1184 1193 ᾗ
1206 1111 1393 1189 exstitisset,

294 1220 438 1286 librarius
461 1223 490 1286 ἐν
513 1219 633 1294 ‚edim
655 1219 717 1304 (Αα
739 1241 823 1302 quem
844 1241 901 1286 uon
923 1225 1079 1288 miseret-ct
1101 1223 1275 1308 Diooyrttt.

340 1335 421 1418 §27
447 1339 477 1397 et
500 1335 541 1398 29
567 1331 749 1396 certissimas
773 1331 963 1396 coniecturas
987 1331 1119 1397 Dobrei:
1144 1333 1271 1406 πολλοὺς
1289 1335 1318 1398 δὲ
1338 1336 1391 1400 καὶ

296 1444 404 1516 καλοὺς
435 1443 574 1513 κινδύνους
595 1464 650 1526 pro
673 1441 721 1506 καὶ
749 1440 875 1525 ἄλλους,
901 1450 932 1508 et
954 1443 1183 1512 Westormanui
1205 1447 1222 1529 d
1245 1447 1304 1508 29:
1328 1453 1393 1516 τοῖς

296 1556 349 1634 μὲν
378 1555 494 1648 ratpert
522 1552 674 1632 δύνανται,
698 1560 765 1625 ταῖς
789 1553 818 1616 δὲ
840 1559 959 1636 ψυχαῖς
985 1557 1035 1624 οὐκ
1059 1555 1192 1636 ἰοχύονον
1213 1577 1269 1640 pro
1290 1555 1395 1637 ἔχονπν

297 1675 435 1750 receptas
457 1665 607 1748 oportuit.
643 1664 724 1748 §28
748 1665 788 1744 τῷ
812 1664 930 1744 εἰρηκότι
956 1673 1132 1750 corruptum
1158 1674 1244 1752 puto.

340 1780 433 1864 §dh
481 1775 510 1848 tr
545 1777 628 1852 μόνος
648 1777 744 1851 ἐπειδὴ
768 1777 893 1856 τάχιον)
916 1776 1119 1860 ἐδοκιμάσθην,
1151 1778 1307 1856 ἐπεξῆλθον
1330 1787 1392 1854 τοῖς

296 1889 451 1970 spretura
481 1889 510 1954 ἐν
540 1887 641 1968 Ἀρείῳ
673 1886 772 1967 πάγῳ.
820 1886 965 1972 Pugnant
988 1887 1062 1952 haec
1086 1896 1189 1973 aperte
1212 1911 1283 1954 oum
1306 1893 1323 1976 p
1345 1894 1390 1968 4,

299 2000 353 2065 ubi
384 1999 459 2066 dicit
493 1997 532 2064 13
565 2020 596 2062 se
629 2019 724 2062 annos
748 1989 856 2062 netirm
879 1998 992 2076 fuisse,
1017 2021 1079 2082 quo
1102 2006 1239 2084 tempore
1263 2009 1349 2085 pater
1372 2024 1392 2065 a

295 2111 421 2196 triginta
444 2111 516 2174 uiris
540 2110 778 2187 interficeretur3
807 2109 977 2175 secundum
993 2110 1068 2174 haec
1083 2109 1253 2188 ὢοκοαοὶοθκ
1270 2111 1391 2196 aliquot

234 2259 235 2264 ο
296 2222 383 2291 annis
407 2231 477 2307 post
500 2222 612 2286 eiectos
632 2195 759 2305 trigiirta
774 2221 871 2298 viros,
889 2243 950 2304 quo
968 2243 1039 2284 sane
1055 2217 1192 2306 tempore
1207 2244 1269 2288 non
1286 2224 1391 2308 potuit

297 2357 348 2398 eos
372 2345 513 2398 accusare
538 2333 591 2418 qui
615 2331 733 2406 dudum
756 2332 869 2395 mortui
894 2339 1012 2409 essent,
1036 2332 1164 2398 fortasse
1184 2333 1389 2398 Eratosthene

296 2453 327 2520 et
349 2443 488 2508 Phidone
512 2451 633 2508 tantum
657 2443 791 2526 exceptis
813 2442 862 2526 (of.
880 2441 918 2505 ed
935 2464 977 2506 or.
999 2444 1061 2527 12).
1096 2442 1194 2508 Miror
1209 2444 1388 2530 interpretes

215 2549 223 2577 χ
297 2555 353 2620 hec
385 2553 422 2618 de
454 2577 486 2620 re
517 2554 666 2630 tacuisse,
691 2575 747 2621 neo
771 2552 859 2620 video
884 2553 1037 2638 quomodo
1061 2576 1110 2618 me
1133 2554 1205 2620 hino
1229 2555 1387 2641 expediam

294 2667 354 2731 nisi
378 2665 541 2730 statuendo
565 2675 714 2730 oratorem
737 2667 754 2750 t
777 2669 797 2727 d
818 2664 1015 2749 impudenter
1030 2666 1171 2744 mentiri,
1189 2688 1251 2750 quo
1266 2667 1388 2734 facilius

296 2802 332 2852 se¹
359 2786 487 2864 purget5
520 2776 573 2842 sed
603 2777 664 2840 iam
696 2785 764 2841 tum
793 2799 863 2842 cum
886 2777 1015 2862 triginta
1038 2777 1269 2848 dominarentur
1292 2801 1389 2850 anuos

295 2891 357 2956 fere
382 2891 422 2954 16
447 2899 554 2952 natum
577 2887 681 2952 fuisse.
730 2887 777 2952 De
801 2888 960 2952 authentia
983 2888 1077 2953 huius
1100 2889 1265 2966 cretionis,
1283 2911 1388 2973 quam·

294 3004 339 3070 uis
363 3000 540 3067 dubitanter
563 2998 765 3084 Harpocratio
781 2999 927 3084 loquetur
947 3002 981 3084 (εἰ
1002 3002 1139 3077 γνήσιος,
1161 3023 1233 3066 voce
1249 3001 1387 3067 dritten

295 3123 326 3180 et
348 3113 422 3179 alibi
445 3113 482 3177 cf.
508 3111 675 3176 Hoelsoher
699 3136 728 3197 p.
756 3115 808 3198 75)
826 3113 951 3178 minime
967 3112 1175 3178 dubitandum
1192 3113 1324 3178 videtur.
1341 3150 1388 3166 „-

296 3225 437 3308 Denique
471 3222 646 3288 addendum
680 3246 716 3287 ex
748 3225 765 3308 d
798 3226 837 3286 lt
873 3246 1018 3308 apparere
1054 3223 1295 3292 Theomnastum
1325 3246 1389 3288 non

297 3343 418 3402 tantum
440 3335 518 3399 ‘falsi
548 3322 716 3399 testimonii
740 3334 792 3399 sed
816 3343 972 3419 praeterea
993 3335 1083 3398 etiam
1108 3333 1278 3401 calumniae
1302 3357 1391 3406 arom

297 3449 444 3513 sationem
476 3447 663 3523 instituisse3
699 3446 825 3510 fortasse
860 3454 963 3511 tamen
998 3444 1036 3510 ed
1071 3467 1163 3510 unam
1199 3446 1390 3530 eandemque

297 3558 406 3644 respici
438 3579 569 3626 causam.
616 3556 854 3637 Ψευδομαρτνοία
887 3555 1011 3640 quidem
1045 3555 1099 3620 illa
1134 3556 1310 3622 continebat
1341 3581 1390 3624 oa·

295 3671 462 3748 lumniam,
487 3677 522 3734 ut
546 3669 684 3753 quamvis
708 3691 767 3744 non
785 3691 821 3733 ex
836 3668 967 3737 iuridioa
981 3667 1123 3734 vocabuli
1138 3668 1301 3748 sententia,
1317 3691 1388 3737 vere

296 3791 398 3846 tamen
428 3780 506 3846 illud
531 3779 683 3846 iudicium
707 3780 773 3860 περὶ
797 3778 973 3859 κακηγορίας
996 3778 1096 3845 dicere
1120 3786 1240 3864 posset:
1264 3779 1314 3847 καὶ
1333 3783 1391 3850 ude

296 3895 344 3965 τος
363 3894 416 3971 μὲν
436 3892 523 3974 Θέονν
539 3891 716 3972 κακηγορίας
734 3891 854 3956 theudoro
872 3890 979 3964 etardum
1000 3889 1028 3957 o’
1040 3889 1181 3971 ε’ῥρνφέναο
1193 3890 1399 3965 uruntur?

296 4001 417 4068 Nomen
449 4002 581 4067 Theonis
612 4002 688 4067 mihi
719 4002 828 4086 utique
859 4008 1055 4087 suspectum
1088 4001 1121 4066 iu
1154 4001 1226 4086 epit.
1250 4003 1266 4086 p
1290 4003 1308 4062 6
1333 4001 1389 4072 ubi

296 4115 371 4180 haee
399 4113 490 4179 verba
520 4122 702 4200 repetuntur
730 4113 883 4178 omittitur
910 4120 941 4177 et
964 4120 1034 4177 ante
1057 4112 1164 4178 εἰπόντι
1188 4111 1313 4178 additur
1333 4115 1385 4193 τῷ.

296 4225 399 4309 Quare
422 4225 490 4291 vide
513 4248 587 4290 num
611 4224 775 4310 legendum
798 4225 855 4289 sit:
883 4224 938 4288 eoi·
957 4224 1044 4296 αὐτὸς
1068 4223 1121 4300 μὲν
1140 4222 1309 4300 Θεόμνηστε
1329 4247 1385 4288 κα-

296 4338 432 4418 κηγορίας
466 4337 585 4404 ἕδνκοὶοω
611 4340 652 4418 τῷ
674 4336 782 4402 εἰπόντι
804 4335 833 4400 π’
855 4335 994 4418 {discutere
1018 4335 1070 4408 rho
1091 4333 1213 4402 οὶοποῒα.
1250 4341 1384 4399 ΘΕΩΝΙ

296 4449 535 4540 ex'oompendio
559 4457 707 4514 ΘΕΟΜΝ
730 4447 881 4512 exstitisse
905 4447 979 4510 satis
1002 4444 1168 4530 probabile.
