3128 5208
805 482 838 524 VI

278 695 437 778 legebant,
463 698 553 782 plane
577 706 678 764 autem
702 702 796 766 alium
821 725 856 766 ac
880 702 1032 768 diversum
1058 704 1095 769 ab
1120 727 1155 768 eo
1179 725 1270 788 quem
1293 703 1368 787 Tay·
1461 727 1465 734 ’

277 834 362 899 lorus
393 843 424 900 et
455 837 657 904 Marklandus
689 841 872 906 tractabant.
916 842 974 906 Vel
1005 844 1049 906 sic
1075 851 1177 907 tamen
1201 848 1368 928 supersunt

277 973 375 1037 multa
405 974 443 1038 ad
476 998 553 1058 quac
586 978 764 1062 refingenda
794 989 825 1044 et
849 981 985 1045 sananda
1013 981 1180 1045 multorum
1206 982 1298 1045 etiarn
1322 981 1367 1044 in-

277 1110 394 1175 dustria
427 1121 456 1176 et
493 1135 619 1178 acumen
656 1119 865 1201 requiruntur.
913 1117 1023 1202 Itaque
1059 1125 1234 1182 tentaturus
1265 1129 1371 1194 nunc,

277 1250 388 1332 ecquid
413 1249 509 1317 bonae
533 1253 630 1338 frugis
653 1255 760 1320 afferre
783 1278 918 1341 possem,
936 1255 1059 1340 Lysiam
1080 1255 1165 1340 „legi
1181 1263 1212 1320 et
1227 1264 1263 1318 ut
1279 1256 1366 1340 potui

276 1386 468 1452 emendavi.”
506 1387 636 1454 Omissis
668 1393 748 1456 enim
781 1394 873 1471 locis,
905 1393 943 1457 de
967 1393 1080 1478 quibus
1104 1393 1181 1456 nihil
1205 1394 1276 1457 novi
1300 1415 1366 1477 pro-

276 1528 354 1592 ferre
386 1550 521 1612 possem,
546 1530 617 1594 dedi
650 1554 727 1614 quae
759 1533 824 1616 ipse
847 1555 927 1596 nova
950 1532 1134 1596 invenissem
1159 1540 1212 1596 aut
1236 1531 1273 1596 ab
1297 1532 1365 1595 aliis

277 1665 336 1728 iam
360 1667 484 1731 iuventa
509 1671 595 1732 novis
619 1671 808 1755 argumentis
832 1671 951 1735 firmare
975 1694 1104 1756 possem.

322 1805 448 1871 Interim
479 1807 555 1871 mihi
585 1808 750 1873 subsistere
781 1832 843 1874 non
874 1811 973 1874 visum
1005 1819 1051 1874 est
1082 1812 1113 1875 in
1138 1811 1367 1888 emendatione,

277 1943 330 2006 sed
361 1966 450 2028 saepe
481 1946 571 2024 locis,
603 1946 658 2032 qui
689 1949 874 2013 insanabiles
898 1956 1015 2026 essent,
1041 1949 1115 2034 quid
1139 1960 1227 2014 tenor
1249 1956 1368 2012 senten·

277 2083 391 2147 tiarum
421 2085 590 2169 postularet
622 2087 747 2150 definire
782 2101 910 2152 conatus
942 2111 1028 2166 sum,
1062 2096 1096 2152 ut
1129 2087 1248 2151 etiamsi
1278 2086 1371 2151 verba

276 2223 437 2287 restituere
469 2246 531 2287 non
562 2224 702 2303 daretur,
735 2234 869 2291 mentem
900 2235 980 2291 certe
1011 2228 1138 2290 oratoris
1161 2249 1198 2290 ex
1221 2225 1370 2290 tenuibus

277 2360 407 2425 subinde
442 2361 564 2426 indiciis
600 2362 793 2447 indagarem,
830 2364 960 2448 exempli
995 2385 1087 2426 causa
1121 2371 1243 2428 tantum
1280 2362 1370 2427 verba

277 2499 426 2583 quaedam
450 2521 640 2585 proponem,
665 2500 778 2586 quibus
803 2502 854 2565 ille
871 2502 918 2565 uti
935 2502 1097 2585 potuisset.
1126 2500 1248 2564 Etenim
1265 2523 1368 2584 quem-

279 2637 444 2702 admodum
478 2661 511 2702 ex
545 2639 707 2704 ruderibus
740 2639 777 2704 de
809 2640 938 2704 aedificii
970 2637 1086 2702 ambitu
1119 2647 1149 2703 et
1172 2639 1269 2704 forma
1292 2638 1370 2702 iudi-

277 2799 344 2840 care
367 2777 455 2855 licet,
481 2778 524 2841 sic
548 2801 584 2841 ex
609 2779 786 2863 fragmentis
810 2778 975 2856 orationis,
1000 2778 1064 2841 sive
1087 2778 1138 2841 illa
1165 2800 1269 2862 sparsa
1285 2776 1367 2861 apud

275 2917 389 2980 multos
421 2934 561 2982 auctores
593 2920 805 2996 inveniantur,
839 2920 902 2983 sive
933 2918 1061 2982 collecta
1090 2918 1198 3003 plenae
1221 2918 1368 2981 orationis

275 3077 387 3119 nornen
419 3057 531 3120 iniuria
561 3080 633 3142 prae
662 3081 694 3122 se
717 3059 833 3135 ferant,
858 3058 897 3122 de
925 3058 1022 3121 totius
1046 3057 1194 3121 orationis
1217 3056 1313 3119 forma
1337 3065 1367 3119 et

276 3194 385 3258 habitu
407 3194 544 3259 iudicare
567 3195 681 3260 licebit.
728 3197 765 3259 Id
791 3205 892 3260 autem
917 3195 1040 3271 studui,
1067 3204 1187 3258 utnon
1211 3194 1369 3278 espancis

277 3333 496 3416 integrioribus
525 3335 714 3400 orationibus
745 3336 797 3399 sed
830 3358 864 3399 err
894 3356 986 3418 quam
1011 3333 1151 3416 plurimis
1175 3332 1264 3416 plene
1287 3333 1370 3415 inge·

276 3473 362 3537 nium
394 3472 504 3558 Lysiae
533 3473 623 3558 quale
654 3473 761 3536 brisset
793 3473 868 3536 mihi
892 3473 1097 3536 informarem.
1146 3469 1265 3554 Operae
1289 3461 1370 3532 enim

277 3613 410 3696 pretium
434 3611 594 3676 videbatur
617 3612 801 3697 disquirere,
826 3612 901 3696 quid
925 3611 962 3674 de
986 3609 1114 3694 Lysiaca
1138 3609 1327 3692 eloquentia,
1352 3629 1370 3670 a

276 3753 430 3838 plerisque
466 3754 593 3816 summis
629 3751 773 3816 laudibus
813 3751 965 3815 celebrata
1006 3747 1244 3813 existimandum
1280 3755 1368 3808 esset.

276 3890 370 3970 Quod
399 3891 424 3953 si
457 3891 526 3973 quis
555 3889 674 3953 differre
698 3890 781 3952 volet
803 3889 900 3953 donce
924 3907 1034 3972 purum
1059 3885 1225 3949 habeamus
1250 3891 1371 3946 contex-

277 4036 359 4105 tum,
385 4028 518 4112 primum
544 4049 651 4114 parum
685 4036 729 4090 est
761 4026 840 4089 illud
871 4025 1050 4100 definitum,
1083 4045 1173 4108 quem
1199 4019 1371 4106 „purum”

278 4165 338 4229 dici
355 4164 533 4240 conveniat,
551 4173 617 4227 tum
641 4164 766 4228 omnino
786 4161 974 4247 exspectabit
990 4161 1094 4240 „dum
1110 4159 1225 4222 defluat
1242 4156 1370 4222 amnis.”

194 4324 212 4356 ο
277 4301 391 4384 Itaque
427 4301 611 4386 Dionysium
647 4301 965 4376 Halicarnassensem‚
1002 4299 1090 4362 cuius
1124 4297 1155 4359 in
1188 4293 1371 4358 auctoritate
