3074 5210
822 519 885 581 116

352 720 422 804 q5.
469 717 742 783 Demonstraturus
777 717 971 782 Mantithcus
1002 718 1120 783 nullam
1151 726 1267 804 partem
1298 719 1399 806 reipu-

311 829 407 894 blicae
431 852 462 893 sc
486 831 623 916 attigisse
640 830 697 895 snb
713 830 841 914 triginta
857 830 930 894 viris
947 830 1083 894 ostendit
1100 853 1132 894 sc
1147 853 1271 916 peregre
1287 831 1398 910 fuisse,

311 947 341 1004 et
365 940 502 1025 quinque
525 947 646 1005 tantum
668 940 776 1006 diebus
793 947 863 1005 ante
879 940 1027 1026 populare
1042 941 1204 1027 imperium
1220 942 1400 1006 restitutum

312 1051 436 1116 domum
466 1053 635 1117 revertisse.
682 1050 755 1116 Non
785 1051 943 1137 probabile
967 1060 1048 1131 erat,
1073 1053 1193 1137 inquit,
1217 1074 1272 1117 nos
1295 1053 1328 1116 in
1352 1073 1402 1137 pe·

310 1162 401 1227 riculi
423 1164 599 1228 societatem
622 1185 692 1228 cum
716 1163 844 1248 triginta
864 1164 937 1227 viris
958 1164 1060 1227 venire
1080 1163 1230 1242 voluisse,
1251 1163 1312 1229 οὔτ’
1332 1165 1403 1229 ἐκεῖ·

311 1299 348 1340 νον
381 1275 416 1359 (οἱ
441 1275 482 1358 λ’)
510 1274 664 1356 Φαίνονται
693 1275 828 1351 τοιαύτην
857 1275 974 1353 γνώμην
1004 1274 1140 1356 ἔχοντες,
1170 1274 1244 1341 όίστε
1266 1276 1316 1340 καί
1340 1281 1401 1347 τοῖς

312 1386 492 1464 ἀποδημοῦσι
515 1385 564 1452 καί
588 1394 647 1460 τοῖς
671 1387 760 1465 μηδὲν
782 1383 1013 1467 ἐξαμαρτάνουσι
1037 1385 1223 1464 μεταδιδόναι
1245 1393 1298 1460 τῆς
1319 1400 1401 1451 τσλι-

310 1497 409 1581 τείας,
440 1498 524 1563 σίλλόι
554 1500 670 1574 μᾶλλον
699 1495 839 1578 ἠτίμαζον
869 1496 918 1561 καί
947 1497 1014 1568 τοὺς
1036 1497 1331 1575 συγκαταλύσαντας
1352 1497 1400 1564 τόν

311 1608 409 1686 δῆμον.
442 1615 512 1679 Τοῖς
540 1615 611 1673 ante
637 1607 725 1688 μηδὲν
756 1608 892 1694 positum
924 1607 1129 1692 omittendum
1153 1614 1246 1694 puto;
1271 1631 1334 1673 non
1359 1609 1402 1673 di·

312 1721 488 1806 stinguendi
513 1729 586 1785 sunt
608 1720 663 1804 qui
685 1729 771 1785 extra
795 1719 902 1784 urbem
925 1719 1048 1784 fuerant
1071 1719 1109 1784 ab
1131 1719 1169 1782 iis
1186 1719 1240 1804 qui
1256 1720 1336 1784 nihil
1352 1720 1402 1784 de-

311 1831 481 1916 liquerant;
514 1830 567 1895 sed
598 1831 621 1895 ii
645 1832 700 1916 qui
724 1831 887 1896 abluerant
911 1853 945 1895 eo
969 1831 1036 1916 ipso
1060 1831 1140 1894 nihil
1162 1837 1328 1917 potuerant
1353 1833 1402 1898 de·

313 1943 451 2027 linquere
475 1946 544 2026 („ut
568 1944 660 2008 etiam
683 1943 760 2007 mihi
784 1950 814 2007 et
832 1943 917 2022 aliis,
939 1944 994 2027 qui
1014 1965 1138 2028 peregre
1154 1943 1307 2008 fueramus
1320 1952 1352 2009 et
1368 1966 1402 2008 eo
1500 2018 1502 2024 ,

310 2055 399 2140 „ipso
429 2054 508 2118 nihil
538 2055 809 2142 deliqueramus”).
855 2056 999 2120 Proxima
1032 2056 1076 2120 sic
1107 2055 1312 2142 explicantur:
1348 2054 1400 2118 sed

312 2167 415 2250 potius
447 2167 683 2232 contemnebant
715 2189 766 2231 eos
798 2168 890 2232 etiam
921 2168 975 2253 qui
1007 2166 1114 2252 populi
1145 2166 1308 2253 imparium
1332 2189 1403 2232 cum

313 2277 388 2361 ipsis
411 2275 632 2341 subverterant.
679 2276 789 2342 Brevia
812 2277 886 2342 haec
910 2277 983 2342 su'nt
1006 2277 1115 2354 nimis,
1140 2293 1237 2362 eoque
1257 2277 1401 2353 obscura3

312 2410 383 2452 nam
407 2387 572 2452 dicendum
595 2395 675 2452 crat:
701 2387 754 2452 sed
778 2388 853 2452 adeo
876 2411 975 2453 omues
997 2393 1113 2453 omuabo
1136 2387 1343 2472 spernebant,
1366 2394 1401 2450 ut

313 2499 403 2563 etiam
428 2499 548 2563 sceleris
573 2499 671 2564 socios
696 2497 935 2565 contemnerent.
982 2498 1032 2564 Ne
1056 2500 1155 2564 dicam
1178 2499 1254 2564 haec
1277 2499 1309 2562 in
1336 2497 1401 2562 nni·

311 2632 432 2674 versum
456 2609 539 2673 dicta
561 2610 612 2674 vix
636 2633 705 2674 vcra
729 2633 810 2689 esse,
831 2612 877 2674 vis
894 2611 1168 2695 argumentationis
1186 2611 1229 2673 sio
1246 2609 1400 2685 elevatur,

313 2721 338 2784 si
369 2721 451 2784 enim
482 2721 573 2784 etiam
602 2721 709 2784 noxios
732 2721 951 2807 repudiabant,
976 2721 1168 2786 Mantitheus
1192 2719 1309 2807 aliquid
1334 2739 1401 2806 peo-

312 2833 426 2897 cavissc
445 2840 582 2916 poterat,
609 2833 748 2916 quamvis
773 2832 811 2897 ab
834 2833 872 2897 iis
896 2840 975 2897 esset
998 2839 1137 2917 spretus;
1156 2853 1263 2895 causae
1279 2828 1402 2915 patroni

313 2951 377 3008 erat
400 2944 516 3009 dicere:
542 2944 620 3009 nihil
644 2944 850 3028 deliqueram,
876 2967 945 3029 erpo
969 2967 1061 3028 equas
1082 2943 1120 3008 ab
1136 2943 1173 3008 iis
1191 2943 1323 3028 scriptus
1340 2961 1401 3005 non

311 3077 390 3120 sum.
430 3055 524 3119 Nunc
547 3055 681 3120 indicat:
707 3055 744 3119 ab
769 3055 806 3119 iis
830 3078 893 3119 non
917 3055 955 3119 ad
980 3056 1099 3140 equites
1122 3054 1237 3119 relatus
1261 3051 1325 3130 lni3
1349 3049 1399 3115 sed

311 3166 376 3231 fieri
400 3175 502 3252 potest
524 3174 561 3230 ut
583 3166 786 3230 nihilominus
810 3168 946 3233 criminis
962 3167 1117 3251 quandam
1134 3166 1312 3230 societatem
1329 3185 1398 3228 cum

312 3277 351 3340 iis
379 3276 548 3341 habuerim.
596 3277 675 3340 Mihi
706 3276 873 3343 admodum
904 3278 1018 3342 arridet
1049 3276 1166 3342 Reiskii
1191 3275 1346 3361 suspicio,
1371 3272 1401 3336 in

314 3410 407 3474 quam
429 3389 494 3472 ipse
510 3409 634 3472 quoque
654 3387 838 3467 incideram,
862 3399 932 3476 post
951 3392 999 3455 τὸν
1014 3390 1103 3468 δῆμον
1120 3388 1268 3454 excidisse
1283 3386 1400 3464 ε’τίμυν;

315 3498 414 3583 quod,
436 3500 461 3562 si
484 3506 607 3584 reputes
624 3499 716 3564 scribi
732 3500 908 3586 saepissime
924 3522 978 3585 pro
994 3503 1008 3565 i
1027 3499 1060 3563 in
1077 3499 1298 3583 antiquissimis
1314 3495 1399 3561 MSS.

313 3636 355 3687 ει,
385 3619 455 3675 ante
480 3610 584 3676 ἔπειτα
608 3611 711 3696 potuit
733 3611 844 3676 omitti.
880 3608 1103 3676 Herwerdenus
1120 3615 1225 3687 acute,
1246 3606 1400 3695 scdpaulo

314 3721 427 3784 maiore
451 3743 522 3786 cum
544 3721 734 3786 mutatione:
765 3730 825 3799 τοῖς
849 3722 898 3786 καὶ
918 3721 1004 3788 ιίτοδ.
1029 3721 1079 3786 καί
1102 3720 1207 3797 μηδέν,
1232 3729 1299 3784 tum
1320 3717 1401 3785 οίλλόι

313 3836 430 3910 μᾶλλον
461 3831 567 3908 ἐτίμων
597 3833 663 3905 τοὺς
693 3857 781 3912 coya.
827 3832 888 3897 Pro
919 3833 1038 3913 ἔχοντες
1069 3831 1150 3896 idem
1186 3837 1216 3894 et
1251 3829 1400 3917 Sauppius

314 3942 454 4026 σχόντες,
485 3943 538 4008 sed
570 3944 607 4008 cl.
644 3945 694 4008 la.
722 3945 779 4008 50:
811 3941 887 4017 ότυς
919 3944 1011 4011 τοίνυν
1038 3944 1080 4022 μὴ
1111 3944 1277 4025 Φανήσεται
1311 3944 1340 4007 ἐν
1362 3939 1399 4019 τῷ

314 4053 394 4135 λόγῳ
416 4063 475 4146 τοῖς
493 4054 653 4135 ,τρισίιιοντα
677 4054 899 4134 ἐναντιούμενος.
939 4057 967 4122 ί.
995 4057 1032 4122 7:
1058 4055 1216 4120 ε’τίστασόε
1238 4093 1283 4102 -
1306 4050 1401 4118 πολλὰ

314 4166 343 4229 ἕν
375 4167 469 4245 ἐκείνῳ
500 4169 540 4248 τῷ
567 4166 660 4246 χρόνῳ
690 4165 783 4232 δασέα
809 4166 879 4232 όντα
901 4167 985 4240 ίδίαις
1008 4167 1057 4232 καί
1081 4165 1193 4245 μορίαις
1217 4165 1329 4236 ἕλοίαις.
1363 4159 1402 4224 Et

316 4298 406 4361 saepe
428 4277 470 4342 sic
489 4278 534 4343 ὤν.
569 4275 698 4341 Accedit
715 4277 798 4360 quod
814 4276 902 4358 ἔσχον
919 4281 991 4364 (non
1008 4275 1188 4361 composita)
1204 4274 1297 4361 vulgo
1314 4272 1400 4338 habet

316 4391 501 4474 comprendi,
532 4391 698 4468 reticendi,
729 4392 885 4455 cohibendi
910 4389 1181 4474 significationem,
1205 4408 1267 4451 non
1290 4381 1399 4468 simpli·

316 4499 391 4563 citer
413 4502 549 4565 habendi.
573 4536 618 4547 —
642 4483 788 4564 Praesens
811 4498 1043 4582 ἐξαμαρτόνουσι
1066 4520 1128 4563 non
1146 4503 1247 4583 potest
1263 4493 1395 4567 delendi,
