3074 5210
645 480 706 542 103

130 674 207 750 μετῖι
222 681 282 742 τῶν
300 679 425 744 ὁπλιτῶν
443 678 621 763 κινδυνεύειν,
634 676 765 742 ἱππεύειν
776 674 882 754 εῖλετο,
895 676 1069 765 Stephanus
1086 677 1216 743 seriben-

130 785 200 850 dum
231 787 360 872 putavit
386 789 441 854 δεῖν
464 790 517 873 (τ.
540 788 609 874 δέον)
632 788 763 854 ἕκοοοτον.
811 787 858 853 Of.
885 787 983 854 Koen.
1002 787 1042 852 od
1063 787 1154 872 Greg.
1179 787 1217 854 de

128 896 220 962 Diull.
240 920 272 982 p.
294 901 350 962 60.
385 898 445 962 Sed
460 921 564 964 vereor
579 921 618 964 ne
634 899 765 964 editores
785 897 840 984 qui
857 899 1007 984 hodieque
1022 921 1132 984 magno
1148 921 1218 964 oon·

128 1008 229 1072 sensui
245 1016 388 1074 veterum
403 1011 671 1095 grammaticorum
686 1010 913 1097 obtemperent,
931 1011 1009 1076 hanc
1024 1010 1153 1076 formam
1164 1011 1219 1074 At·

126 1118 192 1182 tiois
209 1120 440 1199 asserentibus,
457 1122 574 1208 imponi
593 1121 652 1186 sibi
670 1121 828 1207 potiantur
847 1121 924 1185 false
945 1121 1101 1208 euologie3
1118 1142 1218 1205 neque

127 1229 207 1292 enim
226 1231 364 1296 conferri
382 1240 483 1316 potest
501 1240 586 1298 πλεῖν
604 1230 687 1316 quod
707 1255 742 1297 ex
759 1239 875 1315 πλεῖον,
892 1255 954 1296 non
972 1254 1009 1297 ex
1026 1233 1113 1298 πλέον
1130 1230 1219 1296 exsti-

127 1339 180 1417 tit,
202 1347 235 1412 et
255 1341 350 1406 focile
368 1342 559 1428 intellegitur
577 1342 731 1427 quomodo
748 1351 863 1407 veteres
880 1341 942 1406 tale
959 1341 1034 1427 quid
1051 1363 1218 1428 propagare

127 1451 288 1532 potuerint
297 1479 307 1530 3
331 1452 456 1518 fuerunt
476 1454 557 1518 enim
577 1454 642 1518 sine
657 1453 752 1518 dubio
769 1454 822 1537 qui
837 1453 871 1516 in
886 1453 1018 1518 formula
1034 1458 1144 1520 πολλοῦ
1161 1453 1218 1518 δεῖν

127 1563 282 1644 posterius
312 1564 495 1628 vocobulum
523 1563 718 1650 participium
747 1564 965 1630 existimarent.
1012 1563 1216 1630 Redeundum

127 1671 221 1754 igitur
250 1675 377 1739 videtur
400 1674 437 1738 ed
464 1682 638 1760 corruptam
664 1675 826 1740 lectionem
851 1675 895 1741 δεῖ
915 1673 1045 1741 ἕκοιστον.
1093 1674 1132 1738 In
1157 1697 1218 1758 quo

127 1803 261 1866 agnosco
280 1784 527 1870 dittographiem.
559 1796 585 1851 K
602 1793 633 1850 et
649 1798 685 1856 Ic
701 1787 821 1871 quoties
838 1787 965 1852 confuse
976 1787 1038 1851 sint
1050 1788 1097 1870 (ut
1107 1785 1141 1849 in
1151 1784 1219 1850 σκύ-

126 1899 179 1974 <por
199 1901 232 1958 et
253 1895 398 1979 Σίσυφος)
417 1917 507 1959 nemo
527 1897 634 1962 nescit.
669 1894 775 1962 Exime
799 1919 836 1960 ox
859 1907 1042 1964 ΔΕΙΕΙΟΑΟ
1064 1895 1119 1980 (δεῖ
1132 1893 1217 1979 inae)

126 2002 244 2070 littores
264 2006 341 2070 vitio
361 2005 406 2070 bis
427 2007 542 2091 positas
557 2017 615 2083 ΕΙ,
634 2014 664 2071 ot
680 2007 830 2092 supererit
840 2030 888 2072 me
900 2007 1001 2071 indice
1013 2007 1093 2072 bona
1105 2013 1136 2070 et
1146 2027 1218 2070 vere

129 2113 240 2195 leoti0‚
268 2115 312 2184 dre
330 2117 426 2190 δείους
445 2118 526 2196 μετοδ
544 2123 599 2183 τῶν
618 2119 742 2184 ὁπλιτῶν
761 2119 943 2195 κινδυνεύειν,
962 2118 1093 2182 ῖππεύειν
1112 2114 1214 2182 εἵλετο.

128 2223 274 2293 Ceterum
288 2228 371 2314 quod
383 2228 494 2314 Bergk.
509 2235 539 2294 et
551 2228 685 2294 Cobetus
698 2229 847 2294 dederunt
859 2252 913 2316 pro
925 2232 938 2296 d
950 2230 1061 2310 ποιτύρι
1070 2231 1101 2293 οὐ
1109 2235 1214 2308 πορεῖν,

126 2338 346 2422 amplecterer,
375 2339 400 2403 si
430 2339 504 2404 elias
528 2340 713 2404 mutationes
739 2339 813 2404 haee
837 2340 927 2406 lectio
947 2362 1010 2404 non
1032 2339 1212 2425 postularet.

54 2423 63 2446 ⁴
168 2447 255 2515 Mira
284 2457 329 2514 est
354 2450 445 2516 lectio
467 2452 484 2535 q
507 2453 526 2512 2
549 2448 617 2516 ὥστ’
639 2449 826 2525 ε’πινικιόις
850 2447 886 2516 ὦν
908 2449 989 2524 οὗτος
1011 2457 1213 2533 φιλοτιμεῖται

125 2558 190 2631 τοὺς
221 2561 341 2643 ε’χύροὺς
367 2561 568 2642 οιῖοχύνεούοοι.
615 2561 723 2640 Unus,
756 2561 840 2646 qnod
868 2563 979 2641 seiam,
1008 2563 1087 2628 hano
1110 2563 1213 2628 lectio·

126 2688 195 2733 nem
227 2671 366 2737 defendit
396 2671 567 2757 Kayserus,
600 2673 712 2738 Philol.
745 2672 793 2737 XI
816 2676 927 2759 (1856)
950 2697 981 2759 p.
1007 2677 1087 2752 163,
1111 2675 1213 2739 neseio

128 2780 283 2860 quomodo
313 2782 387 2847 heeo
414 2782 641 2868 interpretatus.
687 2783 811 2869 Reliqui
840 2785 971 2850 editores
995 2807 1065 2851 oum
1088 2784 1213 2850 Reiskio

126 2887 171 2951 ἐπ’
194 2892 276 2964 ἐνίοις
298 2915 381 2958 nuno
403 2894 551 2979 probent;
575 2895 653 2958 mibi
675 2895 834 2979 eliquanto
856 2896 1046 2981 probabilius
1065 2895 1213 2980 Toylorus

128 3001 292 3068 coniecisse
325 3003 448 3068 videtur
478 3008 525 3070 ἐπ’
556 3005 685 3088 ἐκείνοις,
717 3005 801 3070 unde
831 3027 925 3090 quum
957 3029 1010 3091 per
1040 3006 1213 3071 itacismum

127 3110 293 3178 admodum
321 3114 474 3198 frequenti
506 3137 617 3179 errore·
637 3116 803 3180 exstitisset
832 3118 968 3188 desertore
996 3115 1044 3179 vel
1067 3118 1213 3190 ἐπιεκινοις

128 3223 304 3303 (ο1.υ(110.
325 3229 385 3305 24,
411 3227 523 3311 passim
543 3227 664 3311 copiose
684 3226 722 3292 de
742 3249 777 3291 eo
798 3226 932 3292 Cobetus
951 3228 982 3290 in
995 3225 1034 3289 V.
1048 3236 1078 3290 et
1089 3226 1129 3291 N.
1142 3227 1210 3310 L),

127 3337 363 3422 transpositione
394 3338 565 3402 litterarum
597 3345 774 3423 corruptum
805 3341 953 3420 ἐπινικοις,
978 3336 1101 3402 tandem
1124 3341 1212 3404 ἐπινι-

128 3445 194 3520 κίοις
217 3456 325 3513 netnm
349 3455 403 3514 est.
450 3450 500 3513 Ad
522 3451 742 3534 φιλοτιμεῖούοιῖ
762 3476 790 3516 τι
815 3451 853 3514 of.
876 3450 956 3515 Xon.
977 3449 1059 3513 Heli.
1078 3449 1104 3512 Ι.
1125 3451 1154 3514 6.
1174 3452 1210 3513 5:

130 3560 195 3636 πρὸς
218 3557 239 3625 t
262 3560 320 3636 ἕνύ
342 3587 376 3626 τε
398 3567 612 3644 φιλοτιμοῦμαι
637 3560 687 3626 κού
711 3565 728 3639 ἦ
753 3561 837 3634 πόλις
858 3566 937 3638 ἡμῶν
956 3560 1120 3642 οοῖτνύζετοοι
1137 3586 1212 3640 συμ-

129 3666 294 3742 βουλεύετε.
341 3671 455 3736 Oeoon.
480 3676 510 3735 4.
536 3674 593 3736 ed:
618 3672 664 3738 οὶεδ
688 3670 716 3737 ἕν
739 3672 777 3751 με’
799 3698 827 3737 τι
850 3671 1100 3753 Φιλοτιμούμενος,

172 3783 189 3866 d
213 3786 242 3845 9.
288 3785 359 3858 ἀλλ’
387 3783 527 3860 ε’βουλύύν
557 3783 607 3848 oxi
630 3781 735 3862 ύτιμος
758 3781 845 3855 εῖνοοι,
869 3782 920 3848 κού
942 3783 984 3848 τὰ
1005 3782 1139 3864 χρήματ’
1158 3785 1212 3848 οιύ·

129 3898 179 3957 τοῦ
209 3893 389 3972 δημευθῆναι.
435 3893 485 3959 Ne
516 3897 585 3979 quis
615 3895 767 3961 desideret
796 3896 838 3960 τοδ
866 3897 954 3960 οοὺτοῦ
986 3895 1023 3958 oi.
1055 3894 1133 3958 infra
1156 3895 1209 3956 31.

130 4000 246 4069 εῖύιοτοοι
272 4006 370 4086 λέγειν
396 4009 433 4080 ὥς
462 4011 511 4072 οὐκ
542 4007 614 4080 sindo
638 4011 698 4073 ἐστι
721 4008 769 4074 τὸν
792 4006 845 4086 μὲν
869 4006 971 4086 πατέρ’
992 4009 1082 4071 οούτού
1104 4018 1211 4070 κοιτελ·

131 4111 215 4180 ύύντοι
244 4117 348 4197 διομῖις
378 4117 494 4195 λαβεῖν.
542 4116 657 4182 Oontro
689 4121 742 4183 28.
775 4120 814 4183 17
847 4118 894 4184 bis
925 4118 1023 4190 οιύτοῖς
1051 4115 1209 4192 scribitur,

132 4245 314 4312 quamquam
343 4228 470 4294 fortasse
501 4229 602 4292 minus
625 4237 715 4294 reete.
761 4228 847 4294 Infra
868 4230 885 4313 d
908 4231 949 4292 23
973 4230 1062 4293 οιύτοῖν
1085 4248 1211 4310 usurpa-

132 4340 182 4400 tur
203 4338 235 4402 in
257 4341 447 4425 oppositione
471 4347 502 4404 et
524 4338 668 4423 legitime.
716 4341 762 4404 De
783 4341 960 4426 pronomine
976 4335 1055 4412 οὗτος
1071 4336 1211 4403 similiter

133 4456 276 4534 usurpato
300 4451 451 4516 monitum
476 4457 522 4518 est
546 4473 646 4534 supro.
