3074 5210
824 489 886 550 114,
992 499 1000 516 ·

312 687 513 752 Marklandus
545 685 720 772 postulabat
750 687 888 763 ἐγκαλεῖν
916 685 1085 765 Παμφίλῳ,
1112 684 1193 769 quod
1218 684 1311 748 etiam
1334 707 1401 748 sen-

310 802 407 863 tentia
430 797 669 862 commendatur.

354 912 371 996 p
395 912 424 972 6.
472 910 556 976 δεινῶν
578 947 623 958 —-
645 910 711 980 τοὺς
734 907 916 1000 στρατηγοὺς
941 943 986 956 -
1008 909 1050 984 μδ
1072 905 1109 970 θον
1132 915 1279 982 τολμῆσαι
1298 905 1400 994 πρότει-

310 1045 353 1098 οον
384 1025 462 1098 ἡμῶν
493 1021 677 1098 ἡγήσασθαι,
710 1017 761 1091 ἕως
792 1019 828 1085 θον
863 1018 1100 1096 ἐδοκιμάσθησαν.
1160 1018 1228 1082 Ηοσ
1257 1017 1400 1082 Dobreus

311 1133 377 1196 iure
401 1132 555 1196 soloecum
578 1140 708 1217 putans,
732 1130 861 1215 requirit
876 1137 928 1196 aut
943 1127 993 1201 ἕως
1010 1129 1255 1207 ἐδοκιμάσθησαν,
1278 1137 1331 1212 out
1348 1128 1400 1202 ἕως

312 1241 348 1308 θον
375 1243 597 1321 δοκιμασθῶσιν,
623 1250 675 1308 out
697 1241 748 1314 ἕως
771 1243 975 1318 δοκιμασθεῖεν.
1022 1239 1153 1304 Difficile
1176 1247 1223 1304 est
1245 1249 1329 1305 certo
1357 1241 1401 1304 di·

309 1376 375 1418 cere
399 1352 474 1439 quid
497 1376 570 1417 usus
587 1353 711 1437 linguae
728 1358 835 1436 poscat
850 1351 883 1414 in
899 1349 1139 1415 conformatione
1156 1351 1303 1416 orationis
1321 1375 1400 1436 quae

296 1483 373 1528 'non
397 1465 489 1528 nimis
512 1466 653 1548 frequens
678 1472 738 1540 est,
764 1463 941 1548 praesertim
965 1462 1126 1528 dubitante
1142 1469 1229 1528 tauto
1246 1464 1330 1541 viro,
1349 1463 1401 1526 sed

310 1582 411 1638 tamen
443 1573 578 1638 secunda
601 1574 788 1638 constructio
812 1573 870 1636 hoc
895 1572 962 1636 loco
986 1573 1061 1638 mihi
1085 1574 1210 1638 ferenda
1232 1595 1294 1638 non
1320 1575 1401 1638 vide·

310 1695 377 1763 tur;
409 1709 479 1752 nam
511 1709 548 1760 ex
577 1685 634 1749 hac
666 1685 817 1748 sententia
848 1691 947 1748 recta:
978 1687 1029 1749 οὐκ
1059 1683 1094 1749 ῶν
1125 1689 1272 1768 τολμῷεν,
1297 1687 1346 1750 vel
1369 1688 1401 1750 οὗ

254 1873 257 1878 y
311 1800 502 1876 τολμήσουσιν
530 1795 582 1868 ἕως
611 1797 648 1861 θον
677 1797 882 1873 δοκιμασθῶσιν
913 1801 1015 1880 potest
1038 1796 1166 1859 existere
1188 1797 1268 1874 λέγω
1291 1801 1342 1862 οὐκ
1366 1795 1401 1861 θιν

270 1977 272 1982 ,
311 1913 470 1987 τολμῶν,
496 1906 548 1981 ἕως
571 1908 607 1973 θον
631 1908 854 1984 δοκιμασθῶσιν,
879 1904 932 1969 sed
956 1905 1127 1970 dubitativa
1150 1905 1205 1970 illa
1225 1907 1321 1971 forma
1337 1931 1402 1972 ora-

311 2021 405 2084 tionis
438 2023 564 2102 (τολμῶν
591 2017 638 2103 ῶν)
661 2041 768 2104 parum
792 2017 934 2082 convenit
959 2039 1029 2080 cum
1053 2016 1155 2090 δεινθν,
1180 2018 1264 2103 quod
1287 2041 1403 2084 asseve-

311 2133 460 2196 rationem
484 2131 629 2195 ccntinet.
676 2128 749 2192 Non
773 2129 862 2192 aliter
881 2121 950 2192 'fieri
972 2137 1091 2213 potest,
1117 2128 1192 2211 quin
1215 2131 1257 2206 ut
1280 2128 1319 2194 θιν
1337 2146 1403 2196 τολ-

312 2253 406 2322 μῆσαι
438 2251 544 2306 natum
577 2243 618 2305 sit
649 2263 685 2304 ex
716 2244 766 2306 οὐκ
793 2239 829 2304 θον
856 2239 1037 2323 ἐτθλμνταν,
1064 2249 1132 2323 post
1155 2239 1238 2322 quod
1261 2242 1404 2325 sequitur

311 2355 363 2428 ἕως
388 2355 632 2433 ἐδοκιμοθσθνσαν,
657 2353 683 2416 si
706 2359 834 2436 urgetur
857 2351 938 2414 sumi
954 2349 1167 2414 tantummodo
1184 2351 1319 2434 aliquid,
1339 2375 1402 2418 rem

313 2489 371 2532 νιονι
403 2488 467 2529 esse·
498 2466 619 2528 factam.
650 2462 705 2526 ·Id
736 2462 890 2526 lenissima
913 2462 1100 2538 mutatione,
1126 2463 1237 2526 omisso
1261 2461 1296 2526 ῶν
1321 2463 1403 2546 (ante

313 2579 365 2662 ἐδ.)
389 2576 510 2642 restitui
534 2582 644 2660 potest.
692 2573 879 2638 Praesentem
902 2580 1004 2636 tamen
1028 2573 1232 2650 δοκιμασθεῖεν.
1269 2576 1315 2640 Οὐ
1337 2575 1403 2656 τρθ-

313 2714 389 2771 τερον
414 2687 465 2760 ἕως
488 2694 643 2772 praeterea
666 2684 773 2768 Lysias
796 2684 890 2748 habet
915 2686 965 2748 12.
993 2686 1032 2748 11
1058 2690 1089 2746 et
1113 2686 1164 2746 25.
1191 2687 1244 2748 26.

357 2800 396 2864 In
419 2799 524 2864 eadem
548 2798 682 2861 sectione
702 2796 802 2880 pergit
818 2795 925 2879 (δεινὸν)
946 2795 1135 2872 Ἀλκιβιῶδνν
1147 2796 1176 2860 δὲ
1188 2800 1305 2875 τολμῶν
1319 2799 1401 2878 τιαρθι

313 2914 378 2985 τοὺς
403 2921 455 2987 τῆς
479 2911 588 2982 νιθλεας
613 2910 714 2986 νθμονς
737 2907 786 2972 ὑπ’
809 2910 903 2972 αὐτῶν
926 2906 1083 2988 ταχθῆναι.
1124 2907 1319 2972 Postremum
1341 2919 1412 2971 ver·'

313 3024 387 3089 bum
411 3023 502 3087 habet
526 3020 693 3085 factitivam
717 3019 795 3081 vim:
822 3018 884 3102 pati
909 3040 932 3080 s.
950 3016 1054 3082 iubere
1071 3041 1102 3081 se
1119 3017 1278 3095 collocari3
1296 3041 1359 3103 qua
1374 3017 1402 3080 vi

316 3137 408 3200 etiam
432 3133 563 3198 subinde
586 3134 734 3204 πεισθῆναι
758 3129 854 3214 accipi
879 3137 990 3213 potest.
1037 3128 1097 3194 Sed
1119 3130 1218 3194 multo
1241 3129 1318 3194 mihi
1340 3150 1404 3218 pro

316 3246 448 3311 babilius
472 3252 520 3308 est
542 3243 634 3308 verba
658 3242 707 3306 ὑπ’
731 3245 825 3306 αὐτῶν
850 3263 914 3305 esse
938 3241 1083 3319 delenda,
1108 3243 1312 3322 παταχθῆναι
1342 3238 1405 3303 vul·

314 3359 378 3443 gari
402 3357 543 3420 reflexiva
566 3355 596 3418 vi
620 3333 751 3418 dicatur.
788 3351 1018 3436 Adscripseram
1042 3351 1115 3416 huie
1139 3352 1205 3416 loco
1230 3352 1321 3416 olim:
1345 3358 1410 3430 „ut

315 3491 395 3546 „sna
425 3468 471 3530 vis
500 3472 579 3530 esset
610 3464 796 3551 oppositioni
827 3462 1001 3528 addendum
1030 3471 1094 3528 erat
1116 3463 1310 3543 ἀδοκίμαστον
1319 3463 1350 3537 ,”
1372 3463 1402 3525 in

316 3580 458 3662 idemque
489 3584 596 3662 postea
627 3573 827 3640 animadverti
851 3573 911 3637 iam
939 3572 1096 3639 Dobreum
1120 3575 1272 3640 incidisse.
1320 3575 1402 3646 Num

313 3677 383 3754 vero
418 3688 455 3752 ab
488 3695 611 3752 auctore
641 3685 781 3750 additum
809 3684 918 3761 fuerit,
943 3683 1069 3761 dubito;
1095 3684 1193 3750 verbis
1217 3686 1299 3750 enim
1322 3684 1402 3765 παρα

313 3800 378 3865 sote
402 3799 502 3876 νόμους
526 3797 587 3861 iam
612 3795 786 3859 continetur
810 3793 1005 3877 aliquatenus
1029 3793 1061 3872 τθ
1086 3795 1290 3872 ῶδοκίμαστον.

263 3897 265 3902 ’
357 3913 374 3996 t
400 3912 449 3973 10.
496 3909 653 3987 μέλλοντος
674 3907 874 3988 ψηφίσασθαι.
909 3904 955 3968 De
975 3906 1075 3982 μέλλω
1092 3928 1163 3971 cum
1180 3909 1291 3973 aoristo
1307 3907 1403 3973 multa

302 4023 387 4087 olim
417 4044 434 4084 a
464 4019 619 4084 Lobeckio
643 4017 681 4081 ad
706 4016 934 4100 Phrynichum,
961 4023 991 4081 et
1015 4041 1113 4103 nuper
1137 4019 1296 4098 auCobeto
1313 4019 1402 4082 dicta

316 4141 407 4210 sunt,
432 4155 510 4217 quae
532 4130 612 4196 nihil
636 4130 748 4193 attinet
770 4135 914 4212 repetere.
958 4127 1115 4208 Quamdiu
1132 4131 1270 4216 exempla
1286 4135 1403 4196 exstant

316 4244 436 4329 qualia,
468 4252 504 4307 ut
517 4326 519 4330 .
533 4243 572 4308 de
593 4241 701 4305 multis
726 4261 822 4324 pauca
846 4238 984 4316 afferam,
1010 4247 1083 4304 sunt
1105 4239 1184 4306 Plat.
1209 4241 1302 4328 Gorg.
1319 4241 1399 4303 525.

315 4355 352 4420 A.
377 4354 482 4433 μέλλει
505 4354 628 4419 ἕλθοῶσα
650 4354 813 4424 ἀνατλῆναι
836 4351 878 4415 τα
901 4351 1077 4431 τροςθκοντα
1099 4352 1177 4428 odda
1200 4361 1230 4416 et
1252 4355 1306 4421 Ar.
1322 4349 1397 4415 Aah.

316 4469 419 4532 1160:
451 4463 532 4550 κᾷτα
563 4466 720 4544 μέλλοντος
744 4461 851 4540 λαβεῖν
874 4482 937 4525 non
960 4460 1088 4525 inducar
1110 4470 1146 4526 ut
1168 4462 1322 4528 soloecum
1341 4459 1398 4524 exi·
