3126 5210
680 378 740 442 lte

164 570 300 650 πρνίξειεν
322 582 351 637 et
374 573 468 658 paulo
491 580 562 638 ante
586 575 639 637 46.
664 577 701 637 ἀι
726 576 843 655 ἀπορεῖν
865 573 902 640 ἀν
925 573 1014 640 αὐτὸν
1036 569 1076 646 cic
1098 575 1165 648 τοὺς
1187 597 1254 656 κρα-

161 687 287 754 τοῦντας
321 682 544 766 ξνρκοιίοιιριίτει
580 680 630 767 (νίν
664 705 720 768 pro
751 681 905 764 ὁποτέροις,
937 683 1185 750 Lacedaemoniis
1216 705 1256 748 an

162 790 430 876 Atheniensibus).
470 792 564 878 Soph.
596 795 670 857 Ant.
704 795 785 860 734:
823 793 908 866 πίνιις
938 793 998 874 adp
1021 797 1090 871 ἡμῖν
1113 793 1173 870 aar
1197 794 1255 874 χρὴ

162 897 286 965 τάπτειν
314 905 387 982 ἐρεῖς
420 901 497 968 Oed.
529 901 596 968 Col.
631 904 733 968 1171:
765 901 847 980 ἔξοιδ’
877 901 986 968 ἀκούων
1016 901 1096 968 τῶνδ’
1108 899 1138 973 ἀς
1160 899 1256 968 tct'o·

163 1009 340 1088 προστάτης.
380 1011 455 1076 Eur.
487 1011 557 1097 Ipb.
588 1012 624 1076 Τ.
651 1014 731 1078 756:
765 1014 889 1090 σιίμαινε
911 1011 936 1077 d'
959 1007 980 1094 ὦ
1002 1014 1061 1093 9691
1082 1010 1170 1079 cart
1196 1013 1257 1076 ἐπι·

163 1120 278 1192 οτολάς
298 1122 405 1204 Φίρενν.
441 1123 537 1188 Arist.
561 1123 644 1188 Plut.
670 1125 728 1186 58:
753 1120 907 1200 μανίάνεις
928 1121 957 1196 ἀς
976 1129 1066 1204 φασιν
1084 1119 1172 1200 είναιρ
1196 1119 1257 1186 Sed

162 1227 221 1291 hoc
245 1239 435 1314 postremum
456 1233 537 1298 nulli
559 1233 655 1298 dubio
671 1232 840 1300 obnoxium
856 1241 912 1297 est.
946 1231 1111 1298 Elmsleius
1128 1231 1166 1297 ad
1182 1230 1256 1296 Eur.

162 1337 248 1404 Med.
284 1345 386 1406 1086:
418 1344 556 1428 „optime
580 1343 698 1408 Graece
722 1343 838 1408 dicitur
860 1339 924 1407 oldai
947 1366 998 1416 σε,
1023 1339 1052 1414 ὃν
1075 1338 1117 1419 εί,
1140 1347 1258 1408 navita

159 1457 254 1530 „quia
275 1459 335 1536 ers,
360 1453 461 1516 minus
484 1452 562 1518 bene
586 1475 657 1518 vero
680 1455 730 1518 οὐκ
753 1449 818 1518 οίδά
839 1478 873 1518 τε
896 1450 926 1524 ὃς
949 1449 984 1518 εί.
1031 1450 1156 1516 Rectius
1178 1451 1257 1525 ὅστις

160 1555 226 1639 ,,εί,
255 1561 302 1624 vel
326 1563 417 1626 etiam
441 1565 486 1636 τίς
508 1559 562 1628 εἶ.”
608 1562 685 1627 'Pam
712 1563 856 1648 frequens
880 1569 926 1626 est
949 1560 1028 1624 illud
1051 1557 1080 1632 ἀς
1100 1561 1177 1643 είμι,
1203 1559 1258 1624 nbi

161 1691 276 1738 nomen
300 1673 430 1738 alieuius
454 1674 611 1758 quaeritur
633 1673 723 1757 (Xan.
749 1671 810 1736 GP.
827 1671 885 1736 VI.
912 1674 940 1736 1.
965 1674 1024 1749 46,
1049 1670 1137 1735 Dem.
1156 1672 1208 1734 52.
1228 1673 1257 1748 7,

161 1777 239 1846 Eur.
264 1783 333 1848 Hel.
361 1786 442 1861 818,
467 1783 560 1869 Soph.
586 1784 636 1848 ai.
664 1786 766 1861 1259,
793 1786 847 1847 Ar.
871 1783 949 1847 Aah.
967 1785 1051 1862 442,
1068 1781 1161 1867 Soph.
1179 1779 1255 1846 Oed.

163 1886 231 1954 Gol.
260 1895 360 1970 11713
386 1893 465 1958 conf.
490 1893 624 1977 Kritger.
650 1893 689 1957 ad
713 1893 809 1958 Thur.
835 1892 860 1956 Ι.·
889 1894 961 1956 136.
987 1894 1038 1976 3),
1061 1899 1097 1955 ut
1113 1892 1187 1956 baec
1203 1913 1258 1978 pro

162 1997 301 2082 legitima
336 2003 459 2068 dicendi
493 2004 611 2068 ratione
647 2002 751 2068 haberi
783 2003 902 2068 debeat.
950 2004 1067 2087 (Ὅστις
1099 2010 1144 2066 est
1176 2003 1258 2090 apud

163 2106 304 2194 Thucyd.
329 2111 356 2176 I.
385 2115 445 2177 137
451 2160 458 2175 .
485 2115 524 2196 2).
571 2112 702 2196 Reliqua
724 2113 816 2176 modo
841 2113 934 2178 allata
957 2113 1014 2176 etsi
1038 2119 1162 2198 propter
1185 2134 1259 2196 pau·

163 2218 288 2284 citatem
320 2243 383 2286 nou
415 2230 544 2306 possunt
567 2223 599 2287 in
625 2223 802 2287 universum
824 2223 922 2307 legem
947 2220 1131 2301 convellere,
1155 2228 1257 2286 tamen

162 2329 329 2411 prohibent
360 2332 526 2416 quominus
557 2333 704 2396 assentiar
736 2331 941 2398 Herwerdeno
966 2332 1111 2397 scribenti
1133 2328 1257 2404 οίςτιτιν.

163 2440 381 2508 Accusativum
406 2465 475 2506 cum
499 2444 653 2508 infinitivo
677 2444 820 2508 iunctum
845 2451 916 2529 post
940 2445 1085 2524 τροςνίιιειν
1109 2447 1140 2506 et
1159 2441 1257 2506 simm.

163 2552 310 2636 exemplis
334 2553 538 2618 defenderunt
561 2554 802 2620 Rauchenstcin.
827 2554 876 2619 ad.
903 2559 932 2621 7.
958 2557 998 2622 37
1017 2555 1119 2620 Brem.
1137 2552 1176 2618 ad
1192 2551 1257 2616 b.l.

164 2659 237 2730 Alia
259 2662 370 2726 videsis
393 2663 426 2728 in
449 2663 584 2738 Gramen.
609 2667 626 2748 d
650 2665 702 2728 55.
727 2686 798 2729 ann.
825 2665 878 2728 28.

209 2770 349 2838 Proxime
372 2781 543 2856 sequuntur
566 2775 659 2839 haec:
684 2777 716 2838 ἐκ
739 2774 840 2840 τούτου
856 2776 916 2854 yde
931 2775 981 2840 καί
998 2777 1080 2853 ὑμεῖς
1096 2776 1240 2852 γνώσεσθε
1245 2823 1254 2852 ,

163 2881 214 2944 καί
240 2882 297 2960 ἐγὼ
321 2889 384 2962 περὶ
408 2885 537 2961 ἐμαυτοῦ
560 2887 612 2958 τὴν
635 2885 800 2960 ἀπολογίαν
824 2885 1000 2968 ποιήσομαι,
1025 2886 1198 2966 ἀποφαίνων
1220 2888 1256 2957 ἀς

162 2993 223 3057 οὔτ’
253 2992 285 3071 ἐξ
315 2991 351 3058 ὦν
381 2997 410 3058 ἐν
440 2994 619 3077 δημοκρατίᾳ
651 2994 711 3059 οὔτ’
742 2993 776 3070 ἐξ
798 2991 835 3060 ὧν
858 2997 886 3058 ἐν
909 2995 1072 3076 ὀλιγαρχία
1094 2996 1255 3077 πεποίηκα,

162 3104 239 3168 οὐδέν
267 3129 316 3181 μοι
349 3113 483 3184 προςῆκον
513 3106 648 3171 κακόνουν
672 3101 753 3170 εἶναι.
788 3103 954 3168 Verissime
977 3103 1132 3187 Kaystros
1156 3103 1258 3169 delerr-

164 3211 237 3278 dum
259 3221 364 3278 monet
386 3216 558 3296 ἀποφαίνων
581 3223 651 3298 post
674 3215 759 3299 quod
774 3237 836 3279 non
853 3222 934 3279 recte
955 3217 1095 3285 staretds
1108 3223 1258 3293 προοῆκον,

165 3323 247 3407 quod
272 3323 311 3386 ad
335 3331 502 3408 utrumque
524 3324 694 3388 membrum
720 3326 874 3406 (γνώσετίι
898 3333 929 3388 et
947 3326 999 3400 τὴν
1018 3329 1072 3389 ἀπ.
1090 3326 1257 3408 πονήσομαι)

165 3435 312 3516 pertinet,
337 3434 391 3498 sed
415 3436 642 3499 constructione
665 3434 928 3499 accommodatum
952 3441 997 3499 est
1020 3434 1191 3519 posteriori.

208 3546 225 3627 d
248 3548 278 3606 9.
316 3541 396 3606 Sunt
413 3565 450 3608 ex
467 3544 714 3628 quadringentis,
736 3545 790 3630 qui
806 3552 953 3627 tanquam
969 3543 1118 3608 libertatis
1135 3544 1257 3627 patroni

165 3675 233 3718 cum
256 3652 383 3737 reliquis
408 3653 548 3718 exulibus
573 3663 678 3738 postea
699 3655 827 3739 triginta
850 3656 931 3719 viros
955 3655 1114 3731 eiecerint,
1140 3660 1170 3717 et
1190 3674 1256 3716 rur·

164 3786 215 3827 sus
238 3763 286 3828 illi
301 3763 356 3847 qui
371 3763 558 3848 pepulerunt
574 3764 814 3849 quadringentos
831 3765 943 3849 partim
958 3765 1018 3850 ipsi
1033 3766 1114 3828 inter
1129 3762 1256 3846 triginta

163 3875 242 3938 viros
269 3874 396 3940 fuerunt
402 3922 411 3950 ,
439 3873 493 3938 είοί
522 3873 547 3936 δ’
564 3871 662 3946 οἵτινες
688 3880 742 3938 τῶν
765 3874 948 3939 Ἐλεντίνάἀ
976 3873 1253 3954 ἀπογραψαμένων,

164 3983 325 4059 ἐξελθόντες
345 3982 410 4060 μεθ’
428 3983 520 4059 ὑμῶν.
538 3985 748 4064 ἐπολιορκοῦντο
763 3983 828 4060 μεθ’
845 3985 949 4049 αὑτῶν.
973 3981 1147 4059 SicPalat.;
1161 3981 1253 4064 vulgo

162 4092 228 4169 μετ’
245 4095 359 4169 oderim
377 4091 430 4156 sed
447 4093 521 4156 haec
537 4095 665 4158 varietas
683 4094 772 4158 nihili
790 4100 851 4171 est,
870 4116 966 4178 quum
982 4094 1054 4158 olim
1072 4092 1253 4156 scriberetur

162 4202 302 4287 neglecta
325 4201 450 4265 elisione
473 4203 554 4280 μετά
578 4207 671 4269 αὐτῶν
696 4203 743 4267 vel
767 4204 869 4267 αὑτῶν.
909 4206 947 4268 Oi
971 4203 1156 4270 Ἐλεντίνοίδο
1179 4207 1252 4266 sunt

163 4310 367 4384 Athenienses
398 4312 452 4395 qui
483 4311 706 4395 expeditionem
736 4319 936 4398 susceperunt
959 4313 997 4376 ad
1021 4313 1148 4398 triginta
1170 4309 1251 4374 viros
