3126 5210
807 491 870 552 1311

290 695 348 757 boc
371 694 524 776 significat
544 698 646 755 orator
662 689 769 764 illum,
788 709 883 770 quum
900 695 988 749 antea
1004 685 1082 748 nihil
1101 685 1303 768 possedisset,
1321 692 1390 747 tum

290 807 330 888 (ἐν
353 805 447 885 ἐκείνῳ
470 807 509 882 τῷ
534 801 636 883 χρόνῳ)
660 807 785 884 repente
811 799 852 860 ita
876 797 1003 860 divitem
1028 797 1159 873 lactum,
1185 811 1221 860 ut
1245 796 1392 860 toleraret

290 915 421 980 libenter
450 914 620 997 impensam
628 939 637 990 ;
670 909 723 974 sed
755 918 786 973 et
817 911 948 988 πρότερον
983 915 1014 970 01
1045 909 1073 970 ἐν
1105 907 1199 986 ε’κεόνχ.Ι
1226 908 1266 986 τῷ
1290 907 1390 986 χρόνῳ

292 1047 408 1110 pauper
435 1033 499 1088 erat
526 1023 577 1105 (ci.
606 1022 767 1107 proxima).
805 1019 931 1083 Mallem
964 1018 1094 1081 alterum
1126 1025 1229 1080 utrum
1259 1017 1390 1082 abesset.

291 1136 413 1200 Gertius
437 1142 483 1198 est
508 1156 561 1218 pro
585 1137 789 1214 όλοφυροῦντόιι
819 1123 984 1215 legendum
1013 1151 1077 1192 esse
1101 1128 1301 1205 ὀλοφύρονται.
1348 1127 1392 1190 Et

292 1247 336 1311 sic
360 1247 510 1311 Dobreus.

335 1359 352 1442 1
376 1360 405 1421 5.
452 1359 474 1422 εἰ
506 1357 535 1420 δὲ
564 1357 672 1421 τούτων
692 1355 842 1433 μηδέτερον
870 1355 998 1434 ποιήσει,
1022 1351 1187 1415 δέδοκται
1210 1347 1390 1428 καταψηφί-

291 1467 399 1549 ζεσθαι.
447 1465 690 1551 improbandum
720 1465 872 1545 δεδόχθαι,
900 1486 982 1527 1111110
1007 1464 1068 1526 1010
1093 1485 1130 1526 ex
1153 1462 1329 1525 coniectura
1346 1482 1392 1522 re-

291 1586 425 1662 ceptum.
473 1576 623 1660 Displicet
659 1576 740 1638 enim
780 1575 951 1638 infinitivus
986 1573 1024 1637 ab
1057 1576 1186 1650 ἡγοῦμαι
1220 1592 1389 1654 suspensus

292 1694 362 1772 post
388 1687 518 1750 alterum
542 1685 730 1749 infinitivum
753 1686 913 1763 apertam,
940 1690 970 1747 et
994 1683 1155 1768 sequeutia
1178 1682 1238 1765 (nal
1263 1683 1306 1758 μὴ
1328 1689 1391 1751 τοῖς

291 1799 344 1875 μὲν
374 1835 420 1846 ·-
448 1798 625 1876 ὀργίζεσθαι,
659 1801 718 1864 τοῖς
751 1795 779 1858 δὲ
810 1832 855 1843 -
882 1794 1060 1871 συγγνώμην
1085 1791 1175 1876 ἔχειν)
1202 1801 1327 1876 apparet
1352 1790 1391 1854 ad

290 1907 455 1973 irritandos
479 1905 596 1970 iudices
621 1905 703 1969 dicta
727 1927 810 1983 esse,
835 1926 897 1968 non
922 1903 961 1966 ad
985 1902 1194 1977 referendum,
1212 1901 1289 1986 quid
1306 1899 1390 1985 apud

289 2017 406 2092 iudices
431 2023 620 2083 constitutam
644 2018 702 2080 iam
723 2023 803 2079 esset
819 2015 986 2099 (δεδόχθαι).
1023 2013 1111 2078 Vidit
1128 2012 1269 2076 Dobreus
1286 2033 1391 2075 neces·

292 2131 405 2193 sarium
429 2150 494 2192 esse
513 2129 632 2204 dastyaa
657 2127 704 2190 vel
725 2126 824 2190 simile
845 2126 929 2209 quid.
966 2125 1048 2189 llort.
1074 2147 1129 2210 pro
1151 2123 1387 2188 δέδοκ111001111.

291 2241 335 2304 δεῖ
356 2242 446 2306 atrei
471 2241 712 2322 (ΔΕΔΟΚΤΑΙ,
739 2238 973 2320 ΔΕΙΑΤΤΟΤ).

667 2471 755 2512 xxxi.
786 2477 862 2516 ΚΑΤΑ
876 2476 1012 2516 ΦΙΛΩΝΟΣ-

338 2661 437 2724 Causa
461 2661 534 2724 satis
559 2667 605 2724 est
628 2661 801 2745 perspicua.
838 2660 877 2724 In
897 2660 1050 2742 δοκιμασίᾳ
1066 2659 1265 2734 Senatorum,
1283 2658 1395 2722 habita

292 2774 324 2837 in
356 2779 483 2847 senatu,
517 2771 607 2834 Philo
631 2771 839 2834 Acharnensis
864 2772 943 2858 (eid
971 2775 1022 2855 ,16)
1048 2773 1103 2856 qni
1127 2794 1145 2834 a
1168 2771 1295 2855 triginta
1319 2769 1395 2833 viris

292 2882 415 2946 civitate
451 2882 565 2946 eiectus
602 2881 762 2965 aliquanto
795 2881 918 2946 demum
950 2891 1021 2968 post
1052 2882 1199 2968 populare
1230 2882 1396 2966 imperium

293 2994 472 3057 restitutum
506 2992 644 3056 Athenas
675 2991 825 3071 redierat,
856 3002 1017 3057 accusatur
1037 2993 1216 3058 aSenatore
1239 2992 1395 3078 quodam,

295 3103 378 3189 quod
402 3126 464 3168 non
488 3113 609 3168 tantum
633 3104 848 3170 Piraeensibus
873 3128 961 3190 opem
985 3129 1047 3170 non
1071 3106 1212 3183 tulisset,
1231 3104 1396 3169 sedetiam

296 3213 393 3300 Oropi
408 3217 431 3298 ¹)
453 3224 599 3301 tanquam
624 3217 794 3301 inquilinus
818 3217 961 3282 habitans
986 3219 1127 3304 praedam
1149 3241 1184 3282 ex
1200 3237 1273 3301 agro
1289 3215 1398 3279 Attico

296 3327 417 3412 egisset.

341 3435 467 3513 Forma,
493 3440 732 3522 compositione,
758 3442 1023 3524 argumentatione
1047 3441 1145 3505 oratio
1171 3441 1263 3504 refert
1282 3438 1396 3523 Lysiae

297 3548 464 3632 ingenium.
512 3549 651 3614 Brevitas
677 3553 767 3634 (quae
791 3561 906 3634 quanta
931 3551 972 3614 sit
995 3552 1154 3636 apparebit
1176 3552 1306 3614 maxime
1334 3550 1396 3613 col·

297 3657 358 3720 lat-a
381 3657 517 3742 Lycurgi
540 3659 719 3737 Leocratea,
746 3683 824 3744 quae
847 3662 878 3725 in
904 3661 996 3724 simili
1018 3684 1108 3726 causa
1129 3662 1211 3725 dicta
1226 3663 1282 3744 est)
1300 3684 1318 3724 a
1334 3660 1396 3744 Ly-

298 3769 342 3832 sia
373 3791 436 3832 non
469 3770 628 3848 abhorret,
662 3795 717 3835 nec
748 3773 860 3836 mirum
885 3772 1021 3836 accidere
1045 3779 1148 3858 potest
1171 3773 1327 3856 reputanti
1344 3775 1395 3856 agi

298 3888 420 3944 tantum
441 3881 478 3943 de
498 3880 695 3964 probatione,
717 3905 777 3946 non
799 3884 1009 3966 quaestionem
1029 3883 1189 3968 capitalem
1212 3906 1285 3946 esse.
1317 3882 1397 3947 Loci

299 4011 477 4054 communes
508 3999 579 4054 sunt
612 3994 628 4076 d
653 3996 671 4055 6
696 4001 727 4055 01
756 3996 811 4070 ll,
836 3993 932 4056 malos
957 3995 1037 4057 enim
1062 3994 1142 4058 cives
1167 4017 1245 4070 esse,
1273 3993 1327 4076 qui
1350 3992 1398 4056 di—

336 4212 1396 4276 Dfflwmmfflmamammdmm,mwmmmumffiiffimlh

298 4300 329 4349 2³
347 4301 439 4358 ὑπήκοοι
456 4301 512 4350 coll.
530 4301 572 4349 VI.
593 4301 637 4360 69,
655 4301 690 4349 ll.
710 4301 770 4359 101,
789 4301 819 4349 nl.
838 4301 886 4349 Sub
904 4301 1004 4365 triginta
1024 4303 1080 4350 viris
1098 4307 1122 4350 et
1140 4301 1242 4365 portani
1255 4300 1396 4360 inrisarat,

297 4389 373 4437 donea
398 4389 494 4439 interna
520 4389 637 4438 discordia
661 4389 761 4438 alteram
786 4405 813 4437 01
837 4389 980 4438 factionibus
999 4405 1019 4438 a.
1037 4389 1086 4438 402
1104 4389 1134 4438 ud
1152 4388 1278 4438 Thebanos
1295 4403 1395 4454 compn-

299 4475 337 4524 lit.
372 4476 409 4526 Gi.
431 4477 500 4527 iliad.
520 4477 585 4527 xiv.
606 4476 644 4528 17.
