3126 5210
641 446 701 508 189

154 646 282 729 ρι’ρνηται,
311 645 480 723 δικαστήρια
503 647 647 723 πληροῦτε
669 641 718 706 καὶ
742 641 1006 718 καταγιγνώσκετε
1029 639 1134 718 δεσμόν
1156 645 1212 706 τῶν

152 754 332 832 κ’κοσμοόντοιν.
373 752 450 818 Mid.
476 753 554 836 (al.)
578 751 659 814 209:
691 748 718 814 ei
738 775 782 822 τις
807 751 884 827 ὑμῶν
907 787 953 798 -
975 751 1014 822 εἰς
1038 749 1213 831 δικαστήριον

152 862 210 932 siaiu
236 862 451 943 πεπληρωμένον
482 865 514 927 ἐκ
536 861 652 927 τούτων.
700 859 842 924 Dobreus
865 865 1021 944 praeterea
1043 860 1124 924 κατόν
1147 859 1214 931 τοὺς

150 969 233 1045 νόμους
254 976 282 1037 οὐ
303 972 432 1038 δυνατόν.
479 969 538 1034 Sed
562 969 715 1034 sententia
738 975 800 1032 est:
828 967 978 1032 iudicium
991 974 1094 1032 autem
1107 975 1214 1032 eontra

151 1077 216 1162 leges
237 1082 389 1144 convocari
414 1080 505 1164 plane
528 1100 590 1143 non
609 1084 721 1162 potest.
754 1075 874 1140 Notum
891 1083 971 1153 erat,
989 1075 1047 1139 hoe
1063 1076 1212 1141 iudicium

149 1186 248 1270 legibus
259 1189 443 1252 eontrarium
455 1187 595 1252 futurum
608 1207 687 1264 esse,
703 1207 803 1270 neque
816 1184 928 1249 diserte
941 1191 1007 1248 erat
1019 1183 1211 1264 addendum,

148 1295 191 1358 sed
211 1304 310 1382 utpote
333 1297 371 1362 de
394 1319 427 1361 re
449 1304 524 1361 nota
546 1296 722 1373 δικαστήριον
745 1295 827 1374 παροδ
849 1295 915 1366 τοὺς
939 1294 1040 1372 νόμους
1065 1295 1210 1380 appellat.

181 1405 213 1469 Iu
238 1407 274 1470 iis
304 1429 382 1492 quae
414 1407 550 1491 proxime
581 1413 769 1488 sequuntur:
803 1405 827 1469 εἰ
850 1405 1002 1468 δὲταῦτα
1025 1403 1110 1468 πιόνό
1132 1402 1213 1477 οὗτος

142 1511 204 1579 όστε
227 1516 356 1594 γενέσθαι
386 1515 630 1596 διαπέπρακται,
664 1514 695 1578 τό
725 1513 911 1591 προςδοκῆσαι
941 1513 986 1576 δεῖ
1016 1513 1213 1590 δοκιμασθέντ’

139 1624 214 1688 αὐτόν
242 1625 382 1699 ποιήσειν,
414 1625 437 1687 εἰ
467 1625 519 1690 την
551 1621 682 1698 ἐξιοῦσαν
715 1623 810 1703 ἀρχὴν
841 1622 977 1686 πέπεικεν
1008 1624 1098 1688 αὐτοῦ
1129 1619 1214 1688 ἕνεκα

137 1743 346 1811 reanimarem
378 1732 500 1796 Debreo
533 1753 595 1795 non
626 1731 776 1795 assentior
807 1731 910 1794 loeum
941 1730 980 1794 ad
1013 1731 1095 1795 hune
1121 1731 1214 1796 ferme

136 1842 247 1906 modum
271 1842 446 1927 supplanti:
471 1842 688 1922 διαπέπρακται
711 1839 868 1913 κολαστέος
891 1845 1008 1916 μᾶλλον
1031 1841 1048 1915 ἢ
1068 1840 1212 1916 τιμητέος.

135 1951 150 2025 ἢ
169 1953 203 2016 τό
221 1953 316 2033 προσδ.
363 1951 464 2015 Loens
488 1959 534 2014 est
557 1974 594 2014 ex
618 1973 653 2014 eo
677 1973 806 2035 genere,
830 1951 862 2016 in
887 1972 948 2035 quo
965 1951 1095 2034 protasis
1112 1950 1214 2014 eondi-

136 2062 251 2125 cionalis
274 2085 329 2147 per
352 2062 479 2126 alteram
507 2061 744 2144 subsequentem
768 2061 940 2125 declaratur
947 2087 956 2139 3
987 2061 1070 2146 quod
1094 2063 1212 2126 eratin

133 2171 225 2254 priore
254 2171 371 2254 protasi
400 2171 576 2234 summatim
599 2170 787 2248 iudicatum,
811 2193 866 2255 per
889 2171 1019 2234 alterum
1042 2169 1213 2235 membrum

133 2279 332 2343 condicionale
355 2279 455 2342 insius
479 2278 670 2343 describitur.
696 2279 743 2343 Of.
769 2279 858 2344 Dein,
883 2280 921 2343 de
945 2279 1014 2344 Cor.
1039 2282 1105 2364 (18)
1131 2284 1213 2347 217:

132 2387 223 2463 εἰμὲν
245 2391 305 2469 ρόιρ
328 2397 422 2468 παρῆν
445 2388 495 2452 καὶ
518 2389 599 2466 μετόν
616 2394 673 2454 τῶν
688 2390 789 2455 ἄλλων
804 2388 980 2470 ε’ξητόζετο,
1006 2397 1067 2461 πῶς
1093 2393 1124 2455 οὐ
1140 2391 1217 2456 δεινόι

132 2503 213 2579 ποιεῖ,
236 2501 354 2567 μᾶλλον
377 2497 402 2560 δ’
425 2496 483 2561 οὐδ’
506 2494 572 2561 όσια
583 2547 592 2580 ,
625 2499 648 2561 εἰ
672 2495 708 2562 ὧν
731 2501 768 2571 ὦς
791 2498 914 2577 οόρόοτοιν
937 2501 1026 2570 αὐτὸς
1049 2501 1115 2570 τοὺς
1139 2502 1217 2572 όεοιδς

129 2716 244 2792 raabam
277 2736 369 2798 quem
401 2715 503 2779 locum
535 2714 571 2778 ad
601 2718 651 2778 14.
678 2718 718 2779 13
743 2716 799 2780 uhi
821 2718 940 2780 ratione
963 2739 1071 2801 parum
1098 2718 1216 2783 diversa

128 2819 173 2884 ἐόν
202 2821 379 2907 duplicatur
403 2823 489 2888 affert
512 2824 651 2902 Seheib.;
676 2825 794 2909 reliqna
817 2833 919 2890 autem
947 2828 1050 2890 minus
1075 2829 1215 2912 apposita

127 2939 202 2996 sunt.
241 2932 301 2996 Sed
325 2956 361 2996 ex
384 2933 513 2998 Platone
536 2935 667 3000 conferri
690 2943 820 3021 possunt
843 2936 957 3000 Phaed.
984 2938 1036 3001 67.
1063 2935 1106 3014 Ε,
1123 2937 1215 3021 Apol.

128 3041 176 3104 20.
207 3041 242 3105 G.
278 3042 366 3106 Duae
396 3043 565 3107 sententiae
596 3044 765 3108 obiectivae
796 3067 849 3128 per
880 3042 940 3121 ότι,
966 3067 1095 3127 quarum
1119 3045 1215 3109 altera

126 3152 319 3235 praeponitur
343 3151 451 3229 verbo,
482 3152 577 3217 altera
604 3155 742 3238 sequitur
766 3160 838 3218 sunt
861 3154 964 3238 Symp.
990 3156 1062 3218 186,
1080 3155 1118 3216 A.
1154 3154 1213 3219 Sed

126 3260 220 3323 otiosa
236 3268 310 3324 sunt
327 3260 417 3324 verba
432 3259 506 3324 όστε
521 3260 673 3344 γενέσθαι,
698 3269 728 3326 et
744 3261 854 3327 debilis
871 3270 917 3326 est
933 3262 1095 3347 oppositio.
1117 3261 1216 3348 Serip-

126 3369 226 3433 serim:
244 3371 268 3434 εό
284 3368 430 3433 δὲταῦτα
443 3368 529 3434 ποόνό
544 3366 626 3442 οὗτος
644 3369 896 3455 [ὥστεγενέσθαι]
914 3375 923 3436 ἶ
940 3371 970 3454 iu
985 3372 1211 3452 διαπέπρακται.

126 3475 248 3540 Excidit
271 3486 356 3542 ΙΔΙΑ
379 3483 451 3540 ante
474 3486 555 3542 AIA.

167 3589 184 3670 ᾧ
208 3589 238 3649 9.
287 3586 372 3650 δεινὸν
403 3581 493 3660 εἶναι,
522 3587 546 3649 εἰ
570 3583 605 3648 δι’
629 3581 675 3658 οὓς
699 3591 715 3662 η
740 3587 917 3668 δημοκρατία
940 3590 1116 3673 κατελύετο,
1140 3585 1214 3654 οὗτοι

124 3697 151 3758 ἐν
175 3699 252 3775 αὐτῇ
278 3696 329 3778 [τῇ
353 3693 500 3776 πολιτεία]
528 3693 618 3757 πόλιν
641 3694 782 3775 ἄρξουσιν.
830 3698 990 3762 Assentior
1012 3697 1153 3762 Bekkero
1175 3709 1213 3780 τῇ

124 3803 258 3885 πολιτεία
282 3801 463 3866 secludenti.

166 3919 219 3986 τῆς
251 3912 379 3986 πόλεως,
413 3909 444 3987 ἣν
475 3912 607 3994 πρότερον
638 3914 864 3995 παραλαβόντες
893 3913 981 3987 οὕτως
1010 3918 1137 3996 αἰσχρῶς
1163 3916 1212 3981 καὶ

123 4020 214 4092 δεινῶς
237 4022 436 4097 ἐλωβήσαντο.
472 4022 595 4086 Excidit
617 4023 735 4107 aliquid
759 4031 829 4088 anie
850 4025 1096 4104 παραλαβόντες,
1117 4026 1214 4090 veluti

124 4131 262 4207 μεγόλην
289 4130 338 4194 καὶ
362 4132 523 4207 ὀνομαστήν
546 4133 595 4195 vel
619 4133 717 4196 simile
741 4133 834 4215 quid;
866 4156 938 4197 nam
962 4135 1027 4199 sine
1050 4135 1088 4198 iis
1112 4157 1215 4219 super·

126 4261 292 4303 vacaneum
316 4247 363 4302 est
386 4241 625 4320 παραλαβόντες.

170 4350 188 4432 ξ
215 4352 264 4411 10.
310 4351 334 4414 εἰ
361 4350 415 4428 μὲν
441 4350 475 4425 δη
501 4351 667 4429 βουλεύσων
692 4353 748 4419 νννὶ
772 4353 955 4434 έδοκιμόζετο
978 4353 1028 4418 καὶ
1052 4357 1088 4426 ὡς
1112 4355 1216 4418 ἱππεν-
