3074 5210
865 487 926 549 110

350 678 515 746 redierunt.
562 681 737 750 Periculum
761 684 892 748 Athenis
915 684 1104 749 imminuisse
1130 685 1201 750 inde
1218 685 1332 764 efficio,
1352 688 1437 771 quod

349 790 539 878 Xenophon,
565 794 618 877 qui
642 793 715 859 haec
737 801 841 859 namet
863 794 960 879 (Hell.
973 793 1013 858 V.
1033 797 1060 859 l.
1080 798 1116 873 1,
1134 797 1230 880 sqq.)‚
1253 795 1370 861 diserte
1386 822 1439 862 πο-

300 962 302 968 ,
347 903 516 984 λιορνεῖοθοιι
540 904 742 970 Athenienses
766 904 1050 970 aLacedaemoniis
1065 906 1166 971 refert.
1191 905 1317 986 Quanto
1339 908 1437 992 magis

347 1012 436 1079 licuit
458 1015 587 1094 oratori,
611 1022 648 1079 ut
671 1038 778 1080 causae
800 1017 942 1094 serviret,
967 1039 1030 1081 rem
1053 1039 1241 1102 exaggerare.

393 1123 483 1189 Iusta
511 1127 574 1191 acie
597 1133 769 1211 pugnatum
792 1149 856 1191 esse
880 1127 907 1212 (d
932 1129 962 1212 5)
985 1149 1024 1191 ne
1047 1126 1220 1213 Xenophon
1244 1127 1371 1212 quidem
1394 1151 1438 1192 re·
1523 1171 1524 1206 ι

345 1234 405 1299 fert
426 1258 482 1300 nec
504 1258 558 1321 per
581 1259 612 1300 se
634 1236 792 1321 probabile
815 1244 869 1302 est.
906 1237 1024 1302 Eodem
1047 1243 1182 1323 tempore
1205 1237 1243 1302 ab
1258 1237 1436 1323 Iphicrate,

345 1345 554 1433 Thrasybulo,
579 1347 733 1432 Agyrrhio
758 1348 796 1412 ad
819 1348 1058 1435 Hellespontum
1081 1356 1112 1413 et
1133 1348 1226 1414 Lesbi
1250 1349 1369 1414 bellum
1390 1371 1438 1434 ge·
1523 1403 1524 1422 ,

346 1455 470 1521 rebatur
477 1483 486 1536 ;
512 1457 550 1521 cf.
575 1459 591 1542 d
617 1461 667 1521 14.

390 1567 482 1632 Anno
505 1574 575 1653 post
598 1575 702 1633 secuta
725 1576 772 1634 est
794 1593 854 1655 pax
877 1569 1068 1634 Antalcidee.

391 1674 501 1741 Statim
524 1678 619 1763 igitur
642 1680 812 1764 posthanc
836 1701 941 1765 pacem
963 1680 1071 1745 initam
1092 1683 1336 1765 quamprimum
1354 1683 1435 1747 iudi-

346 1789 430 1853 cium
454 1783 616 1854 haberetur
639 1789 677 1854 de
699 1791 737 1853 iis
745 1840 755 1869 ,
773 1792 873 1877 quiin
890 1790 971 1855 bello
987 1792 1047 1855 iam
1063 1792 1150 1856 finito
1165 1793 1268 1876 ignavi
1284 1794 1432 1871 fuissent,

343 1899 424 1964 hanc
454 1901 621 1965 orationem
653 1900 766 1966 dictam
799 1903 947 1968 existimo.
987 1902 1058 1983 Qua
1081 1905 1311 1989 opportunitate
1335 1929 1433 1990 quum

343 2009 459 2074 iudices
490 2018 635 2096 tanquam
660 2013 847 2097 legislatores
872 2014 974 2078 sedere
998 2013 1089 2092 dicit,
1114 2015 1214 2078 utitur
1243 2022 1346 2080 orator
1369 2039 1431 2080 non

342 2122 408 2186 sine
438 2124 669 2207 exaggeratione
701 2125 754 2188 sed
782 2130 821 2205 pt
850 2124 1005 2189 iudicibus
1033 2124 1174 2189 simulate
1198 2132 1372 2190 assentetur
1393 2127 1431 2192 iis

253 2265 258 2274 ,
342 2232 440 2297 verbis
463 2233 635 2312 tralaticiiS,
660 2235 771 2319 quibus
795 2245 865 2320 post
887 2236 995 2320 populi
1017 2236 1178 2322 imperium
1203 2259 1229 2301 a.
1254 2241 1318 2302 403
1344 2239 1431 2302 resti-

342 2350 446 2407 tutum
469 2350 602 2408 oratores
625 2345 672 2409 uti
695 2345 843 2409 solebant.

386 2453 469 2518 Huic
500 2453 703 2540 disputationi
735 2456 761 2519 si
791 2456 867 2542 quid
896 2455 998 2520 deesse
1021 2456 1193 2535 videbitur,
1219 2457 1448 2542 compensabit

340 2563 426 2628 locus
450 2587 486 2629 ex
510 2566 646 2630 oratione
670 2566 765 2630 altera
787 2567 819 2630 in
845 2566 1043 2631 Alcibiadem.
1075 2567 1125 2631 Ad
1145 2567 1299 2653 Pamphili
1314 2590 1427 2632 nomen

339 2675 384 2740 ibi
414 2677 431 2761 d
462 2679 479 2740 5
511 2676 625 2740 lectum
655 2699 763 2757 nemo,
788 2679 872 2762 quod
896 2678 1004 2756 sciam,
1029 2678 1181 2743 editorum
1204 2677 1346 2742 attendit.
1393 2677 1427 2740 Is

337 2793 385 2852 est
415 2787 478 2852 dux
507 2787 651 2873 praesidii
682 2781 719 2853 ab
748 2788 990 2853 Atheniensibus
1024 2789 1174 2874 Aeginam
1205 2789 1298 2852 missi.
1342 2788 1422 2852 Xen.

337 2899 358 2963 l.
383 2899 404 2963 l.
428 2900 451 2964 oi
474 2898 498 2962 δ’
514 2898 659 2975 Ἀθηναῖοι
683 2901 909 2981 πολιορκούμενοι
932 2899 980 2965 ὑπ’
996 2902 1090 2966 αὐτῶν
1102 2901 1277 2982 πέμψαντες
1288 2900 1328 2971 εἰς
1340 2897 1425 2976 Αἴγι-

337 3033 389 3076 νοιν
419 3010 470 3075 ael
500 3009 627 3082 ὁπλίτας
655 3010 704 3075 eal
733 3010 899 3094 στρατηγὸν
926 3013 1021 3077 αὐτῶν
1047 3009 1208 3094 Πάμφιλον
1235 3009 1424 3090 ἐπετείχιοοον

336 3121 517 3198 Mattiacas.
561 3120 698 3185 Alteram
730 3121 854 3205 quidem
887 3121 965 3186 hanc
987 3121 1055 3186 κοτ’
1078 3124 1161 3186 'Aac
1207 3120 1316 3206 Ly'siae
1341 3121 1425 3185 abiu·

337 3232 441 3297 dicant
469 3229 662 3311 Boeclrhius,
694 3231 829 3310 Bakius,
862 3232 923 3297 alii.
954 3231 1055 3296 Nemo
1079 3238 1180 3296 tamen
1204 3238 1264 3311 est,
1291 3232 1368 3316 quin
1390 3230 1422 3294 in
1524 3257 1525 3282 ι

336 3365 408 3408 vera
430 3363 522 3407 causa
545 3349 575 3406 et
598 3364 616 3405 a
636 3340 747 3428 Lysiae
770 3343 891 3428 aequali
915 3343 1113 3429 compositam
1133 3342 1295 3408 existimet.
1320 3342 1422 3424 Quare

337 3453 374 3518 ad
398 3453 477 3518 hanc
500 3453 678 3518 historicam
702 3455 913 3539 quaestionem
936 3477 1045 3540 parurn
1067 3454 1146 3519 illud
1169 3454 1269 3519 refert.

600 3697 654 3744 XV·
684 3702 750 3744 κοτ’
772 3705 945 3746 anxrnrnaor
966 3706 1147 3745 narrnrsma.

377 3900 450 3965 Non
474 3899 511 3964 ab
536 3899 641 3964 eodem
663 3900 867 3985 pronunciata
889 3907 935 3964 est
950 3899 1024 3964 haec
1040 3899 1138 3964 oratio
1155 3920 1171 3962 a
1188 3919 1249 3982 quo
1265 3883 1414 3983 superior,

333 4034 389 4077 nec
419 4009 676 4095 quemadmodum
708 4010 817 4074 statuit
848 4010 1067 4092 Marklandus,
1101 4009 1240 4095 epilogus
1264 4015 1310 4072 est
1332 4027 1416 4092 supe·

331 4121 435 4200 rionis,
469 4143 561 4206 quam
584 4120 768 4184 senteutiam
791 4120 858 4184 iure
880 4120 1010 4185 miratur
1033 4121 1184 4185 Dobreus
1231 4118 1312 4184 Nam
1335 4118 1415 4204 prior

331 4238 401 4319 post
423 4231 527 4317 legum
550 4237 581 4295 et
603 4230 802 4295 iurisiurandi
826 4238 856 4296 et
875 4232 1077 4296 accusationis
1093 4230 1303 4295 recitationem
1318 4226 1413 4292 verbis

247 4369 252 4376 ·
331 4331 514 4429 quibusdam
540 4341 573 4405 in
595 4341 655 4405 fine
677 4347 820 4406 truncata
843 4342 981 4427 quamvis
1008 4342 1066 4421 sit,
1090 4341 1189 4407 multe
1205 4347 1307 4405 tamen
1323 4340 1409 4403 inter·

331 4454 401 4519 iisse
423 4476 485 4518 non
509 4458 638 4538 possunt
661 4459 731 4537 post
753 4455 770 4537 d
789 4455 849 4516 46:
874 4450 1071 4532 indalecii
1094 4456 1131 4526 ὡς
1154 4450 1411 4532 standandane
