3074 5210
801 489 840 551 80

275 688 390 752 tionem
413 687 597 751 rhetoricam
621 686 703 750 dicta
726 685 870 750 facillime
894 694 1089 751 excusantur.
1125 685 1253 752 Nullam
1274 689 1375 775 plane

228 827 229 832 ¹
276 799 486 865 difficultatem
515 796 628 861 hahent
659 797 749 874 haec,
782 799 799 882 d
829 799 888 860 35:
921 799 945 863 εἷ
975 801 1034 878 γὰρ
1058 797 1090 872 δὴ
1114 800 1194 864 adro>
1218 801 1242 864 οἱ
1266 797 1374 872 κοινῶς

275 910 445 983 πεπονθότες
468 908 614 998 naddaver
637 909 793 990 οὶφήοονοι.
841 907 913 972 Non
937 909 1017 973 enim
1040 909 1114 974 haec
1135 911 1311 995 postulant,
1331 921 1375 976 ut

274 1022 402 1108 triginta
435 1021 482 1085 illi
513 1020 626 1106 captivi
648 1019 809 1084 videantur
833 1019 970 1084 Athenas
993 1019 1119 1087 abducti
1142 1044 1216 1086 csse.
1259 1021 1376 1087 Erato-

274 1134 396 1198 sthenes
428 1141 459 1197 et
481 1131 581 1197 Phido
605 1139 768 1216 antequam
791 1131 874 1196 abire
896 1131 1070 1217 potuissent
1092 1132 1235 1218 prehensi
1259 1141 1371 1213 erant,

274 1255 327 1311 aut
355 1254 456 1310 mente
480 1245 630 1309 occaecati
653 1244 701 1326 (nt
724 1243 898 1309 Andocides
922 1246 951 1306 6.
977 1245 1031 1326 27)
1055 1266 1119 1308 sese
1141 1244 1272 1308 inimicis
1298 1245 1372 1309 suis

273 1359 495 1422 commiserant.
541 1354 735 1428 Praeiudicio
763 1354 896 1440 quodam
920 1355 1011 1419 etiam
1036 1353 1073 1419 de
1097 1354 1225 1440 reliquis
1249 1363 1373 1421 statue·

272 1470 376 1546 batur,
409 1469 436 1532 si
466 1467 684 1532 Eratosthenes
716 1468 987 1546 condemnaretur;
1021 1490 1056 1532 eo
1088 1475 1194 1532 contra
1220 1468 1370 1532 absoluto

271 1581 405 1664 reliquos
436 1602 560 1664 quoque
583 1579 716 1645 reditum
741 1579 772 1643 in
796 1579 904 1644 urbem
927 1587 1098 1644 tentaturos
1122 1587 1369 1644 consentaneum

272 1701 346 1757 erat.
393 1690 475 1756 Hinc
501 1692 597 1777 igitur
624 1691 855 1777 explicandum,
881 1691 963 1776 quod
987 1691 1025 1756 de
1048 1693 1256 1770 accusatione,
1282 1714 1369 1776 quae

271 1807 391 1890 proprie
428 1805 465 1868 ad
504 1827 602 1869 unum
638 1803 872 1868 Eratosthenem
904 1804 1093 1889 pertinebat,
1127 1803 1217 1868 verba
1247 1803 1368 1867 faciens

270 1917 441 2001 promiscue
465 1916 595 1982 subinde
619 1916 768 2002 singulari
789 1925 820 1981 et
836 1915 948 2002 plurali
964 1939 1092 1981 numero
1108 1917 1209 1980 utitur
1227 1914 1368 2000 (Hecker

270 2051 300 2114 p.
333 2031 373 2114 6).
420 2027 470 2092 Sic
498 2030 514 2114 b
540 2031 572 2106 l,
605 2027 660 2092 uhi
688 2050 743 2112 pro
772 2031 870 2100 οιίιτοῑς
898 2026 1060 2113 legendum
1092 2027 1213 2091 videtur
1234 2027 1365 2103 τούτοις,

269 2141 285 2224 d
317 2142 354 2218 2,
387 2142 447 2217 22,
481 2141 540 2215 36,
573 2138 627 2203 nbi
659 2140 760 2223 agitur
791 2138 828 2202 de
857 2161 909 2217 eo,
935 2137 1018 2223 quod
1041 2137 1155 2202 in'hac
1178 2146 1208 2202 et
1230 2136 1364 2222 reliquis

270 2251 388 2329 causis,
420 2273 496 2335 quas
527 2273 598 2315 mox
629 2249 749 2314 futuras
773 2250 929 2335 praevidet
952 2257 1071 2329 orator,
1096 2250 1299 2316 coustitutum
1321 2249 1366 2314 iri

270 2367 433 2447 exspectat.
463 2359 522 2424 Sed
538 2363 555 2446 p
569 2362 610 2422 62
628 2361 722 2442 ἐκείνῳ
736 2360 917 2445 legendum,
933 2382 996 2424 non
1011 2358 1132 2432 ἐκείνοις.
1162 2359 1301 2425 Sectione
1315 2363 1361 2426 91

267 2475 373 2540 τούτων
407 2473 692 2554 ἀποψηφισαμένους
726 2480 849 2558 propter
885 2473 1085 2558 oppositionis
1121 2474 1362 2538 concinnitatem

268 2584 357 2668 (ὑμῶν
376 2585 482 2668 αὐτῶν)
495 2606 556 2648 non
570 2583 813 2663 sollicitandum;
837 2585 889 2648 sed
900 2584 1040 2649 absoluto
1050 2583 1252 2649 Eratosthene
1264 2608 1359 2669 quem

267 2696 404 2759 animum
428 2695 464 2759 de
487 2695 614 2780 triginta
638 2696 708 2759 viris
732 2697 856 2762 omnino
879 2696 1042 2774 haberent,
1067 2696 1251 2761 declaraturi
1269 2705 1359 2761 erant

155 2877 157 2881 ι
267 2806 487 2884 Athenienses;
503 2808 607 2891 itaque
623 2807 679 2871 hos
696 2807 787 2872 simul
803 2809 891 2892 quasi
906 2808 1078 2872 absoluturi
1093 2817 1189 2872 erant.
1220 2807 1358 2871 Omnino

266 2918 299 2982 in
322 2916 533 2984 Eratosthenis
556 2919 670 2983 iudicio
694 2926 800 2984 contra
823 2929 919 2985 totam
942 2919 1104 2985 factionem
1119 2919 1269 2984 iudicium
1285 2941 1357 2983 con-

266 3029 356 3092 stitui
377 3029 487 3092 statuit
494 3055 503 3107 3
528 3030 565 3094 cf.
591 3031 682 3094 etiam
704 3032 721 3116 d
744 3033 796 3094 35.

310 3139 418 3226 Neque
440 3141 633 3227 impunitatis
657 3141 705 3206 lex
728 3140 809 3226 (ὅρκοι
835 3143 884 3209 nal
908 3145 1055 3229 οννθῆκοιι)
1079 3143 1136 3207 hac
1160 3143 1354 3208 accusatione

264 3251 397 3316 violatur
427 3252 560 3338 (Hecker
582 3277 612 3339 p.
639 3256 670 3339 5)
677 3281 687 3333 ;
717 3277 789 3320 nam
815 3256 938 3320 omnino
962 3255 1056 3320 dubia
1080 3261 1144 3318 erat
1167 3277 1258 3319 causa
1281 3253 1354 3318 Era·

265 3364 433 3442 tostheuiS,
465 3371 583 3430 essetne
614 3372 737 3450 propter
769 3367 1014 3431 communionem
1038 3389 1106 3430 cum
1130 3367 1258 3451 triginta
1279 3367 1352 3430 viris

264 3475 456 3560 puniendus,
488 3499 526 3540 au
556 3475 639 3560 quod
668 3475 863 3541 decadnchus
887 3485 917 3541 et
940 3477 1092 3542 laniorum
1116 3499 1234 3563 semper
1256 3477 1353 3540 consi·

263 3586 374 3651 liorum
409 3587 517 3651 fuisset
551 3588 639 3652 venia
673 3587 844 3654 donandus.
891 3588 932 3652 Et
966 3589 1107 3653 novimus
1142 3611 1235 3674 quam
1263 3610 1351 3673 saepe

262 3698 428 3776 ἀμνηστίας
461 3698 511 3762 lex
540 3699 669 3784 migrata
700 3700 792 3764 fuerit
822 3697 870 3787 vel
898 3723 936 3788 px
966 3698 1080 3765 diserto
1110 3699 1285 3765 testimonio
1317 3699 1350 3762 in

263 3815 337 3872 orat.
371 3811 427 3887 25,
456 3808 504 3873 vel
531 3832 567 3874 ex
591 3811 759 3895 Agoratea,
784 3812 814 3875 in
840 3833 901 3896 qua
923 3833 1014 3876 causa
1038 3811 1111 3875 satis
1135 3811 1207 3876 huic
1232 3809 1350 3875 abbae

262 3919 387 4004 quidem
409 3928 494 4006 parte
518 3921 625 3986 similis
647 3929 805 3988 tractatur.
851 3921 922 4008 Ipse
945 3923 997 3987 ille
1017 3923 1161 3988 Isocratis
1177 3923 1263 3988 locus
1279 3921 1348 3987 adv.

262 4029 339 4095 Call.
366 4035 400 4111 l,
425 4033 480 4097 ubi
505 4033 632 4098 Archiui
655 4033 704 4099 lex
719 4034 757 4100 de
774 4034 926 4100 oblivione
942 4035 1130 4100 observanda
1146 4041 1347 4112 memoratur,

261 4142 395 4207 ostendit
418 4144 501 4209 brevi
524 4145 726 4210 Athenienses
750 4147 949 4211 iurisiurandi
967 4148 1144 4212 memoriam
1160 4145 1346 4231 deposuisse.

305 4252 448 4340 Singula,
481 4279 559 4341 quae
589 4258 626 4320 A.
658 4257 780 4322 Hecker
806 4258 962 4343 ingeniose
986 4258 1127 4343 quidem,
1152 4264 1189 4322 ut
1211 4256 1347 4336 solebat,

260 4365 313 4428 sed
337 4374 444 4451 argute
467 4367 613 4452 protulit,
636 4391 699 4434 non
722 4369 807 4434 iuvat
830 4392 912 4434 nuno
929 4369 1102 4456 explorare,
1120 4385 1216 4455 quum
1231 4369 1345 4448 multa,

260 4475 372 4558 quibus
395 4477 446 4541 ille
470 4477 602 4542 offensus
626 4487 688 4562 est,
713 4502 794 4547 nunc
819 4494 901 4544 certa
916 4479 1127 4546 emendatione
1144 4491 1248 4546 sanata
1264 4482 1345 4560 sint;
