3128 5208
744 453 877 514 ·12

322 675 389 716 rum
420 660 559 739 angeret,
591 677 638 718 res
669 677 872 739 exaggerasse.
906 653 938 719 Si
965 657 1033 741 quis
1057 679 1092 720 ea
1114 662 1228 734 aetate,
1253 676 1330 742 quac
1353 654 1400 718 hi·

323 765 433 829 storiae
463 765 531 829 luce
562 767 634 830 satis
664 766 817 830 illustrata
848 775 909 844 est,
939 774 1059 833 tantum
1082 768 1212 833 Athenis
1239 767 1398 844 valuisset,

199 940 201 946 ,
323 883 471 962 quantum
493 875 715 954 Nicomachus,
738 884 774 940 ut
797 877 899 962 legum
922 878 1041 943 tabulas
1064 878 1146 943 domi
1170 878 1251 963 apud
1274 900 1306 942 se
1328 877 1400 941 reti-

321 995 423 1066 neret,
448 994 479 1051 ct
500 1010 537 1052 ne
561 989 755 1072 magistratus
778 988 902 1073 quidem
918 1011 966 1052 eas
982 989 1122 1053 manibus
1139 989 1204 1053 eius
1220 997 1399 1072 extorquere

324 1098 509 1183 potuissent;
542 1099 568 1179 si
591 1099 743 1182 Agoratus
767 1105 836 1163 ante
859 1099 1020 1184 imperium
1044 1099 1170 1184 triginta
1193 1100 1325 1163 virorum
1348 1098 1399 1161 de-

321 1208 435 1273 latione
458 1230 513 1272 sua
535 1208 698 1286 effecisset,
723 1215 759 1272 ut
781 1210 905 1294 strategi
928 1217 958 1273 et
980 1210 1127 1274 taxiarchi
1142 1211 1398 1287 interficerentur,

322 1320 474 1404 quomodo
505 1319 629 1383 tandem
657 1319 732 1383 fieri·
753 1320 918 1404 potuisset,
943 1329 978 1385 ut
1001 1321 1111 1386 horum
1132 1322 1291 1386 hominum
1314 1319 1401 1384 nulla

322 1431 383 1494 fere
400 1430 515 1494 mentio
539 1429 621 1516 apud
643 1430 803 1494 historicos
819 1431 971 1495 exstaret?
994 1431 1169 1496 Secundum
1183 1431 1306 1518 Lysiam
1321 1433 1402 1514 Ago-

323 1549 425 1621 ratns,
449 1541 487 1606 de
509 1540 609 1605 medio
632 1541 755 1605 remotis
776 1542 916 1607 omnibus
940 1543 1071 1626 (nullum
1086 1545 1176 1629 plane
1191 1543 1313 1627 excipit)
1329 1549 1402 1605 stra·

324 1655 402 1738 tegis
425 1661 455 1718 et
477 1653 654 1730 taxiarchis,
679 1653 832 1730 effecerat,
856 1661 892 1717 ut
911 1653 1066 1738 Lysander
1086 1656 1276 1720 Athenarum
1295 1659 1401 1739 portus

324 1771 500 1850 occuparet,
519 1765 598 1828 muri
618 1763 826 1844 diruerentur,
848 1766 972 1850 triginta
991 1767 1048 1830 viri
1071 1767 1311 1832 instituerentur.
1342 1764 1401 1828 Sed

323 1876 476 1940 verissime
499 1876 668 1940 observarit
692 1875 729 1940 G.
751 1875 845 1940 Grote
862 1876 956 1961 (Hist.
973 1877 1006 1940 os
1019 1876 1149 1955 Graece,
1166 1875 1256 1941 VIII.
1273 1900 1302 1962 p.
1321 1877 1401 1952 235,

324 2010 354 2051 n.
380 1989 409 2050 2.
434 1985 481 2053 ed.
506 1986 647 2070 Americ.)
671 1987 749 2051 inter
771 1972 903 2051 reditum
926 1987 1120 2052 Theramenis
1136 1995 1166 2052 et
1181 1988 1307 2072 triginta
1322 1986 1401 2049 viros

325 2098 483 2188 institutos
514 2096 659 2161 delationi
690 2097 743 2160 isti
772 2097 873 2162 locum
904 2119 967 2163 non
999 2099 1102 2164 fuisse.
1149 2098 1258 2183 Itaque
1287 2104 1324 2161 nt
1345 2097 1403 2160 riri

326 2193 446 2292 culpam
471 2213 596 2292 augeat,
622 2207 805 2273 delationem
822 2207 972 2273 -adscribIt
995 2210 1140 2295 tempori,
1164 2231 1224 2294 quo
1249 2209 1327 2272 facta
1341 2230 1403 2271 non

326 2326 380 2383 est.
428 2319 468 2383 Ilt
499 2341 538 2383 ne
568 2319 685 2404 reliqua
716 2319 840 2405 quidem
870 2343 939 2384 vera
969 2343 1033 2384 esse
1057 2320 1279 2405 spoponderim.
1326 2319 1404 2400 Quis

326 2431 406 2494 enim
436 2430 551 2509 credat,
586 2451 689 2495 omnes
713 2431 804 2496 duces
827 2431 864 2496 ab
888 2433 1023 2516 Agorato
1047 2441 1078 2496 et
1100 2432 1260 2496 Theocrito
1284 2432 1405 2517 (lana)

326 2550 483 2607 accusatos
514 2551 545 2606 et
574 2549 669 2606 morte
701 2542 858 2606 damnatos
882 2542 968 2606 esse?
1003 2542 1076 2606 Tale
1099 2542 1173 2626 quid
1196 2541 1350 2606 Diodorus
1374 2548 1405 2605 et

326 2654 516 2738 Xenophon,
534 2654 653 2720 etiamsi
668 2655 841 2719 summatim
856 2654 978 2719 tradant
994 2656 1059 2720 eius
1075 2657 1218 2740 temporis
1233 2654 1403 2732 historiam,
1496 2729 1499 2734 Ι

327 2787 389 2831 non
405 2766 580 2831 tacuissent.
616 2766 753 2830 Eximius
768 2767 820 2830 ille
836 2765 1016 2846 historicus,
1033 2766 1071 2830 ad
1087 2788 1177 2851 quern
1193 2767 1283 2830 modo
1299 2786 1404 2851 provo-

328 2876 433 2941 cabam
440 2925 449 2954 ,
474 2877 509 2948 in
528 2877 668 2962 reliquis,
693 2885 842 2961 quantum
857 2879 921 2942 eius
936 2878 1002 2943 fieri
1017 2879 1136 2964 potuit,
1153 2877 1262 2963 Lysiae
1277 2876 1405 2961 vestigia

329 2995 467 3067 secutus,
492 2997 593 3053 tamen
616 2990 674 3053 hoc
697 2989 862 3054 absurdum
885 3013 948 3054 esse
971 2991 1099 3054 sensisse
1123 2989 1243 3054 videtur
1259 2986 1405 3072 („several

329 3101 362 3164 of
382 3101 434 3164 the
457 3099 668 3166 democratical
691 3102 827 3186 generals
851 3103 911 3166 aud
933 3102 1123 3180 taxiarchs;”
1146 3109 1177 3166 at
1192 3100 1299 3186 Lysias
1314 3101 1331 3184 p
1346 3101 1404 3163 30:

328 3219 384 3276 τῶν
413 3218 583 3293 στρατηγῶν
613 3212 661 3276 nal
695 3218 750 3278 τῶν
779 3212 967 3297 ταξιάρχων).
1012 3213 1158 3277 SImiliter
1189 3213 1222 3276 in
1255 3211 1407 3276 tricesima

327 3323 344 3407 b
374 3325 392 3386 3
425 3321 663 3401 Nicomachum,
696 3323 834 3388 consulto
865 3324 1015 3409 ambiguis
1046 3323 1144 3389 verbis
1168 3347 1258 3402 usus,
1282 3321 1406 3406 oblique

328 3432 463 3498 eiusdem
494 3433 691 3508 calamitatis,
724 3441 815 3518 atque
846 3437 1032 3520 Aguratum,
1065 3442 1219 3498 auctorem
1248 3456 1311 3498 esse
1334 3433 1407 3497 insi·

327 3545 433 3610 mutat.
481 3544 539 3608 Sed
563 3544 600 3608 de
623 3543 840 3624 Nicomachea,
865 3569 902 3610 ex
925 3569 985 3629 qua
1009 3546 1067 3611 alia
1090 3568 1229 3631 quoquc,
1252 3567 1329 3630 quae
1345 3544 1406 3608 huc

327 3656 456 3733 faciant,
481 3655 585 3741 colligi
607 3665 736 3741 possunt
741 3695 750 3735 ,
767 3658 846 3722 iulra
864 3658 963 3722 fusius
979 3658 1087 3723 dicam.
1120 3657 1300 3744 Apparebit,
1317 3678 1406 3740 quae-

330 3767 400 3831 dam
422 3767 466 3830 ita
488 3767 583 3831 relata
606 3791 687 3846 csse,
711 3775 747 3832 ut
770 3769 1010 3854 exaggerationis
1033 3791 1142 3833 nomen
1165 3768 1257 3832 nimis
1272 3767 1339 3831 lene
1355 3766 1405 3830 sit.
1441 3781 1449 3790 ·
1557 3775 1558 3788 ¹

329 3877 367 3941 In
391 3878 526 3941 oratione
549 3879 689 3942 vicesima
713 3880 821 3965 quinta
844 3882 871 3965 (t
894 3882 947 3966 25)
970 3887 1039 3965 post
1062 3879 1299 3965 quadringentos
1315 3878 1408 3963 pluri·

330 4010 413 4053 mum
436 3988 583 4067 valuisse,
608 4011 699 4073 seque
723 4013 759 4055 ex
781 3991 903 4077 publica
927 3991 1097 4056 calamitate
1120 3991 1231 4055 ditasse
1247 3989 1322 4053 dicit
1336 3987 1417 4073 api--

330 4122 451 4186 genem,
475 4099 733 4187 Demophontem,
759 4101 959 4182 Clisthenem,
984 4103 1126 4168 obscuros
1150 4101 1287 4165 homines
1307 4105 1337 4163 et
1355 4099 1404 4162 vix

331 4209 455 4275 aliunde
485 4219 591 4290 notos3
620 4213 785 4298 probabilis
810 4221 854 4278 est
878 4215 1049 4279 coniectura
1072 4211 1325 4288 Rauchensteini,
1350 4209 1405 4272 hos

332 4329 518 4386 accusatores
541 4323 688 4388 fuissem
711 4347 818 4402 causa,
843 4326 875 4388 in
898 4347 959 4410 qua
981 4325 1063 4389 dicta
1086 4325 1131 4387 sit,
1147 4323 1201 4386 illa
1223 4322 1336 4397 oratio;
1354 4319 1406 4384 sed

331 4441 454 4519 apparet
477 4441 625 4499 oratorem
648 4434 703 4497 hos
725 4417 876 4500 malitiose
898 4436 988 4500 nimis
1011 4436 1117 4498 noxios
1140 4454 1315 4519 proponere.
1340 4430 1407 4495 Gal·
