3126 5210
846 483 907 544 196

326 675 510 758 mauricus?
555 678 679 755 Ταμύαν
702 679 843 743 novimus
867 702 983 756 unum,
1001 680 1139 760 τοριττύς
1155 681 1258 766 plnres
1267 729 1277 758 ,
1295 680 1350 744 sed
1367 682 1421 765 qui

326 788 506 872 colligerent
528 788 689 871 pecuniam
714 788 886 872 publicam,
911 812 973 853 non
998 791 1051 874 qui
1075 790 1272 854 custodirent
1291 796 1344 853 aut
1361 791 1422 853 dis-

325 906 497 983 pensarent.
544 898 689 982 Sequitur
712 901 736 964 οἱ
759 907 814 964 τῶν
838 902 1008 966 ἀδικούντων
1032 905 1194 976 notuerat,
1222 899 1306 984 qnod
1328 900 1373 964 ita
1387 901 1420 964 in

326 1010 503 1073 universum
534 1008 665 1085 dicitur,
699 1015 735 1072 ut
766 1031 916 1072 summam
949 1010 986 1075 de
1018 1012 1102 1074 omni
1126 1011 1237 1074 scelere
1260 1009 1420 1072 iudicandi

326 1125 508 1203 potestatem
538 1116 699 1200 complecti
731 1117 883 1196 videatur,
917 1119 999 1202 qnod
1028 1120 1108 1183 nulli
1140 1120 1195 1182 nni
1225 1120 1420 1204 magistratui

325 1229 388 1292 sive
416 1227 544 1310 collegio
576 1227 681 1290 datum
714 1228 782 1290 fuit.
830 1227 872 1291 Et
902 1251 940 1292 ne
964 1229 1001 1293 de
1026 1230 1155 1313 collegio
1180 1230 1420 1314 magistratuum

326 1339 440 1421 cogites
471 1336 630 1420 prohibet,
664 1336 747 1418 quod
771 1337 802 1399 in
827 1337 963 1400 oratione
989 1339 1110 1422 saepius
1134 1360 1238 1402 omnes
1262 1338 1300 1401 de
1327 1339 1420 1402 simili

326 1469 418 1511 cansa
447 1447 479 1510 in
510 1446 659 1510 iudicium
691 1448 790 1511 vocati
821 1470 887 1511 esse
916 1448 1070 1512 dicuntur.
1119 1447 1292 1531 Collegium
1317 1455 1419 1512 totum

325 1578 388 1619 non
411 1557 443 1619 in
466 1557 514 1620 ins
539 1564 682 1634 vocatur,
707 1556 790 1641 quod
814 1557 840 1620 si
864 1557 911 1620 vel
934 1559 1082 1635 maxime,
1102 1559 1137 1620 fit
1157 1558 1188 1620 in
1209 1557 1339 1628 εύύύναις
1356 1580 1420 1620 mu·

325 1689 395 1728 nere
419 1666 558 1750 deposito
565 1693 574 1743 ;
598 1688 661 1730 non
684 1672 785 1750 potest
808 1666 854 1730 bis
878 1667 958 1743 fieri,
982 1668 1069 1730 novis
1094 1689 1211 1750 semper
1234 1667 1420 1751 magistrati·

327 1776 384 1839 bus
409 1775 654 1840 suceedentibus.
702 1775 786 1838 Haec
811 1777 854 1838 sic
878 1776 1009 1840 scribere
1032 1776 1138 1840 nullus
1163 1784 1264 1840 orator
1289 1775 1420 1840 Athenis

325 1885 436 1969 potuit.
484 1884 543 1948 Sed
571 1885 656 1949 facili
682 1885 817 1948 remedio
846 1886 948 1948 resin
973 1885 1128 1968 integrum
1151 1886 1274 1949 restitui
1300 1893 1403 1970 potest
1410 1911 1419 1962 3

327 1985 572 2078 omittatur'r‘rcp',
596 2003 632 2060 ut
655 1995 776 2080 legatur
798 1997 935 2078 φύλακες
960 1998 1036 2072 ὑμῶν
1056 1995 1262 2064 καταστάντες
1283 1998 1346 2061 καὶ
1367 2001 1421 2060 τῶν

326 2105 494 2170 ἀδικούντων
518 2105 678 2176 κολασταί,
703 2111 757 2188 qui
776 2112 872 2170 uestri
892 2109 925 2188 (i.
950 2129 973 2170 e.
997 2109 1142 2187 orbitatis)
1166 2108 1303 2170 οιωίούοι
1321 2110 1423 2170 eccorti

325 2223 394 2279 suut
426 2223 454 2280 et
482 2219 681 2297 maleficorum
713 2219 864 2298 uindices,
896 2217 950 2298 qui
973 2217 1132 2300 magnifice
1155 2216 1365 2299 promiserunt
1391 2237 1421 2278 se

328 2324 408 2388 cives
432 2334 622 2404 servaturos,
647 2327 799 2390 maleficos
823 2350 841 2390 a
864 2325 949 2390 vobis
972 2327 1189 2411 prohibituros.

368 2437 384 2520 ξ
409 2437 437 2498 5.
484 2436 576 2500 καίτοι
601 2435 675 2501 τοῦθ’
698 2434 832 2509 ύοιοιντες
855 2438 1015 2501 ε’τύσταούε
1026 2486 1035 2519 ,
1061 2434 1104 2500 ύτι
1127 2438 1185 2514 ούχ
1207 2432 1421 2512 decumberet

328 2545 499 2622 δυναμένους
523 2542 620 2622 λέγειν
644 2546 804 2627 κολύζντε,
829 2547 891 2610 τότ’
914 2547 1000 2612 ἔσται
1024 2544 1265 2625 ταρύδεινιοοι
1287 2551 1350 2610 τοῦ
1373 2547 1420 2623 μδ

326 2656 419 2731 ὑμᾶς
441 2655 586 2719 οὶδικεῑν.
622 2654 707 2718 Haec
730 2663 882 2740 postrema
905 2655 931 2718 si
954 2655 1014 2718 elio
1038 2654 1107 2717 loco
1123 2654 1310 2738 legerentur,
1328 2674 1420 2716 unus-

254 2772 256 2776 ’
325 2765 473 2849 quisque,
506 2765 630 2848 opinor,
660 2764 867 2847 intellegeret:
892 2769 1061 2848 ercemplum
1082 2769 1199 2827 vertrae
1228 2767 1419 2826 innocentior.

325 2870 431 2936 Nexus
463 2873 552 2936 docet
582 2875 747 2958 significari
777 2873 948 2957 exemplum
973 2873 1164 2957 propositum
1187 2894 1226 2934 ne
1249 2893 1304 2934 vos
1329 2871 1420 2934 aude-

325 2989 378 3046 ant
408 2984 522 3047 iniuria
553 2984 679 3048 afficere.
727 2985 822 3069 Saepe
845 2985 1016 3048 infinitivus
1041 3007 1111 3048 cum
1134 2983 1269 3067 genitivo
1293 2981 1417 3044 articuli

324 3094 449 3156 iunctus
472 3095 599 3179 ponitur
622 3118 677 3178 pro
701 3092 748 3159 ἵνα
771 3118 841 3159 cum
857 3095 1070 3170 coniunctivo,
1088 3093 1218 3157 maxime
1235 3091 1318 3176 apud
1334 3090 1418 3154 Thu·

325 3202 481 3286 cydidem,
506 3205 595 3268 cuius
619 3227 694 3268 usus
719 3205 818 3270 multa
842 3205 980 3290 exempla
1002 3204 1088 3268 affert
1112 3203 1245 3286 Kriiger.
1271 3199 1309 3263 ad
1331 3199 1358 3262 I.
1380 3203 1416 3262 4:

323 3313 421 3384 Μίνως
445 3313 478 3376 τδ
507 3313 643 3393 aporiata
673 3297 785 3396 ιιοιύύρει
817 3314 935 3399 (Cobet.
968 3312 1117 3394 εἰιούύνρεν,
1150 3313 1201 3375 cui
1229 3331 1293 3374 non
1318 3331 1418 3372 assen-

323 3421 394 3506 tior)
425 3422 457 3486 εἰν
487 3430 540 3496 τῆς
575 3423 725 3498 laudasne
753 3431 803 3489 τού
831 3425 888 3495 τοδς
916 3423 1062 3505 τροςύδους
1090 3426 1207 3500 μᾶλλον
1232 3419 1303 3486 ἰέναι
1327 3420 1417 3500 αύτῷ.

324 3530 412 3594 Dem.
438 3533 490 3594 24.
518 3534 574 3594 33:
607 3532 693 3598 ἐδόκει
724 3534 784 3614 γὰρ
806 3533 854 3597 τὸν
878 3531 1034 3613 ἔμπροσθεν
1056 3531 1157 3612 χρύνον
1179 3533 1210 3594 ού
1234 3527 1323 3609 Φύσει
1349 3525 1418 3592 ἀλλ’

324 3639 518 3716 ἐπιβουλεύων
536 3646 587 3704 τοῦ
607 3642 792 3714 πιστευθῆναι
813 3641 917 3713 δίκαιος
941 3640 1103 3719 γενονέναι.
1149 3638 1292 3703 Dobrsus
1315 3637 1350 3703 τύ
1374 3659 1418 3700 re-

324 3747 412 3832 ponit
444 3753 474 3810 et
504 3748 555 3812 hlc
586 3755 615 3812 ct
641 3751 670 3812 8.
702 3752 758 3816 17:
783 3748 862 3830 ᾤμην
885 3750 945 3829 rap
967 3748 1105 3820 οὶτύύετος
1135 3747 1202 3826 ὑμῖν
1231 3742 1303 3810 εἶναι
1330 3746 1418 3826 φίλος

324 3863 374 3921 τοῦ
405 3857 492 3931 μηδὲν
521 3859 643 3922 aaron
667 3859 771 3934 κοικύν,
796 3881 857 3942 quo
880 3859 948 3923 loco
973 3858 1111 3929 ύτύύετοο
1132 3855 1316 3942 prohibendi
1340 3857 1419 3918 coni·

325 3966 472 4051 plectitur
495 3967 758 4050 significationem.
805 3966 866 4029 Sed
889 3975 959 4050 post
983 3965 1195 4046 ταρύδειγμα,
1221 3964 1304 4047 quod
1329 3963 1417 4047 plane

327 4075 479 4139 verbalem
504 4075 646 4160 deposuit
669 4077 939 4160 significationem,
963 4076 1033 4139 talis
1058 4074 1246 4138 constructio
1268 4073 1340 4136 ferri
1355 4093 1417 4134 non

325 4191 436 4270 potest.
484 4187 586 4251 Multo
609 4187 718 4250 melius
741 4188 774 4250 in
797 4185 1005 4250 Nicomachea
1029 4187 1106 4269 (30).
1133 4186 1175 4246 24
1198 4205 1291 4267 quam
1313 4189 1416 4246 nostro

294 4297 393 4359 ,loco
416 4297 529 4381 legitur
552 4296 745 4376 ταριύδειναα
768 4303 827 4367 τοῖς
851 4294 953 4366 ἄλλοις
976 4294 1059 4359 ἔσται
1084 4296 1126 4370 μὴ
1150 4297 1265 4370 τολμᾶν
1281 4295 1321 4364 εἰς
1338 4293 1415 4370 ὑμᾶς

326 4403 538 4486 ἐξαμαρτάνειν
545 4456 554 4485 ,
580 4406 632 4470 ubi
656 4413 687 4469 ct
709 4404 795 4469 deest
818 4404 871 4468 illa
894 4404 1095 4488 ambiguitas,
1121 4424 1199 4485 quae
1223 4407 1328 4465 nostro
1349 4400 1414 4463 loco
