3074 5210
814 494 874 555 lua

299 695 472 776 οὶμφοτέροον
500 697 658 771 Ἀθηναῖοι,
690 693 865 774 παρανόμων
895 694 1057 774 φεύγοντος
1080 699 1131 758 τοῦ
1155 696 1244 758 αὐτοῦ
1268 693 1390 771 ὦνδρές,

299 806 442 870 τοέυαυτία
465 807 564 887 σφίσιν
587 808 684 876 αὐτοῖς
708 806 902 885 ἐψηφίσαντο.
948 804 985 868 In
1010 803 1122 889 quibus
1147 807 1277 890 primum
1303 804 1390 868 haud

300 917 362 980 scio
395 939 433 979 an
461 917 487 979 is
518 917 572 1000 qui
603 917 635 980 in
667 915 772 980 cadem
803 939 910 994 causa,
940 915 986 980 bis
1015 913 1065 979 ius
1088 915 1210 994 dicens,
1236 916 1392 980 contraria

300 1033 430 1104 statuat,
462 1026 523 1090 dici
552 1027 646 1111 possit
668 1027 747 1107 napi
771 1028 984 1110 οέμφοτέρννν
1007 1029 1151 1092 τάναντία
1174 1028 1267 1109 ἑαυτῷ
1290 1029 1391 1110 ψηφί-

299 1137 414 1219 ζεσθαι,
440 1137 523 1222 quod
546 1139 689 1202 convenit
710 1139 743 1202 in
767 1159 852 1217 eum,
877 1138 931 1222 qui
950 1137 1069 1202 duabus
1086 1140 1186 1203 causis
1204 1141 1388 1225 propositis,

254 1292 255 1296 =
300 1250 337 1314 de
360 1257 485 1332 utroque
507 1250 677 1335 pugnantia
699 1250 817 1313 statuit.
856 1248 915 1314 Sed
937 1249 1034 1313 nolim
1054 1249 1113 1314 hoc
1134 1273 1285 1336 premere,
1303 1250 1390 1335 quod

298 1362 455 1426 brevitatis
479 1361 582 1426 studio
605 1369 706 1426 motus
730 1362 944 1446 neglegentius
962 1361 1063 1425 dicere
1080 1363 1183 1446 potuit
1198 1369 1309 1426 orator.
1346 1365 1392 1426 At

267 1519 270 1527 ·
298 1474 415 1557 reliqua
439 1481 512 1537 sunt
533 1473 625 1536 nimis
649 1473 778 1559 concisa⁴
795 1480 825 1536 ct
849 1472 996 1556 languida
1003 1499 1012 1550 3
1036 1479 1072 1536 ut
1095 1473 1175 1537 enim
1200 1496 1255 1537 sua
1277 1475 1323 1537 vis
1348 1475 1392 1538 sit

298 1585 474 1669 postremis:
505 1584 650 1648 τοέναντέα
680 1585 781 1665 σφίσιν
810 1586 908 1655 αὐτοῖς
932 1584 1116 1664 ἐψηφίσαντο
1141 1585 1298 1670 perspicue
1321 1584 1387 1648 duo

299 1697 449 1763 contraria
472 1695 642 1758 enumerari
665 1694 832 1772 debebant,
858 1715 953 1777 quum
977 1696 1153 1779 praesertim
1175 1697 1249 1760 haec
1266 1717 1301 1759 eo
1318 1696 1388 1759 loco

229 1877 231 1881 ,
299 1808 398 1892 posita
414 1808 493 1883 sint,
511 1806 565 1868 ubi
583 1806 715 1888 graviter
734 1807 799 1890 (per
814 1804 863 1869 καὶ
878 1843 924 1854 -
939 1805 984 1888 δέ)
1003 1806 1160 1889 superiora
1175 1813 1386 1872 resumuntur.

298 1918 377 1982 Tum
409 1919 499 1982 etiam
529 1924 579 1982 τοῦ
610 1919 699 1982 αὐτοῦ
730 1916 828 1998 ανδρές
859 1923 932 1981 sunt
961 1917 1107 1981 brevitate
1131 1919 1221 1982 nimis
1245 1918 1386 1984 obscura.

299 2029 408 2114 Itaque
425 2030 571 2093 lacunosa
588 2028 661 2092 haec
679 2035 764 2112 puto.
800 2027 928 2112 Scripsit
944 2025 1051 2111 Lysias
1068 2027 1128 2090 talc
1146 2027 1220 2111 quid
1229 2078 1238 2107 ,
1258 2030 1385 2114 opinor:

293 2141 467 2220 παρανόμων
489 2139 635 2222 φυγόντος
656 2140 725 2205 τότε
747 2145 798 2204 τοῦ
820 2140 934 2218 ἀνδρός,
955 2141 1014 2224 (νῦν
1033 2139 1062 2202 δὲ
1081 2141 1257 2223 νικήσαντος)
1280 2143 1388 2207 τάναν-

877 2235 884 2260 ν

296 2252 495 2317 maai

341 2363 480 2449 Fuerunt
511 2364 564 2446 qui
593 2364 697 2427 eiectis
729 2361 829 2426 verbis
860 2361 1035 2442 παρανόμων
1066 2401 1110 2411 -
1140 2363 1237 2441 ὦνδρές
1268 2363 1385 2426 mederi

297 2475 369 2538 huic
399 2474 466 2538 loco
495 2483 677 2538 conarentur
684 2500 692 2551 ;
724 2473 777 2537 sed
800 2474 838 2537 iis
863 2473 981 2537 omissis
1005 2473 1122 2556 reliqua
1146 2474 1189 2536 sic
1212 2473 1325 2557 frigent
1348 2481 1386 2538 ut
1417 2508 1420 2512 ⁴

297 2585 398 2670 potius
421 2584 522 2650 omnia
544 2584 604 2668 (nat
629 2583 691 2665 περὶ
713 2623 758 2634 -
781 2583 980 2668 ἐψηφίσαντο)
1004 2582 1108 2648 abesse
1130 2585 1228 2649 malis.

340 2696 357 2781 d
382 2698 410 2758 1.
457 2690 508 2782 οἶοέ
535 2719 608 2768 τινες
636 2697 728 2778 (recte
752 2693 849 2758 Bekk.
875 2716 929 2778 pro
952 2693 1063 2777 οέτννες)
1087 2694 1164 2768 ὄντες
1188 2703 1307 2761 πολῖται
1332 2698 1383 2761 καὶ

297 2808 377 2874 αὐτοὶ
394 2806 443 2871 καὶ
463 2804 499 2871 ὧν
517 2810 700 2886 προσήκοντες
719 2807 897 2885 ἀδικούμενον
914 2805 1050 2883 ἀξιοῦμεν
1067 2809 1208 2872 ἐλεεῖσθαι
1225 2809 1276 2886 ὑφ’
1294 2808 1383 2884 ὑμῶν.

297 2917 469 2983 Delcndurn
498 2925 544 2981 cst
570 2918 621 2982 καί
643 2925 713 2981 ante
736 2893 836 2982 atrati
860 2917 989 3001 „quales
1013 2917 1093 2981 cives
1116 2919 1174 3003 ipsi
1197 2925 1228 2981 et
1251 2939 1383 3001 quorum

294 3029 481 3116 „propinqui
504 3027 741 3094 misericordiam
764 3035 895 3094 vestram
918 3028 1148 3115 imploremus.’'
1192 3027 1263 3092 Non
1287 3028 1384 3092 homi·

296 3165 349 3207 nes
377 3147 576 3226 opponuntur
605 3140 685 3204 inter
715 3162 747 3203 sc
777 3139 828 3204 scd
862 3140 1010 3205 attributa
1032 3140 1110 3212 darer
1134 3149 1165 3204 et
1186 3142 1383 3218 τροςηκοντες.

294 3254 361 3322 Iam
391 3251 532 3316 Dobreus
564 3251 611 3314 his
641 3245 775 3315 offensus
807 3251 937 3316 coniecit
967 3253 1016 3315 καὶ
1050 3252 1074 3315 οἱ
1104 3252 1288 3331 προσήκοντες
1295 3301 1303 3333 ,
1329 3251 1385 3314 sed

295 3363 460 3450 propinqui
484 3360 618 3446 (Nicias,
643 3361 809 3440 fluentes,
834 3360 1016 3439 Niceratus,
1041 3361 1226 3446 Diognetus)
1250 3383 1312 3426 non
1328 3362 1386 3425 im·

294 3476 416 3562 plorant
438 3472 686 3538 misericordiam.

337 3589 407 3672 §Q
453 3585 508 3652 ὅσα
532 3586 586 3661 μὲν
608 3596 645 3668 τῇ
665 3586 769 3650 ἑαυτοῦ
791 3585 893 3667 γνώμη
914 3585 1061 3666 χρώμενος
1087 3584 1156 3665 ὑπέρ
1179 3590 1230 3650 τοῦ
1254 3586 1383 3660 πλήθους

292 3702 342 3762 τοῦ
374 3697 509 3778 ὑμετέρου
537 3697 644 3778 ἔπραξε
651 3745 660 3776 ,
692 3703 851 3778 πανταχοῦ
881 3698 1049 3778 φανήσεται
1075 3702 1189 3762 πολλῶν
1220 3697 1273 3774 μέν
1304 3696 1354 3760 ἰδέ
1359 3721 1381 3778 ρο

293 3809 435 3886 οἱγαέώυ
458 3807 547 3880 αἴτιος
570 3809 710 3891 τημέλει
734 3809 944 3888 γεγενημένος,
969 3815 1099 3874 πλεῖστα
1122 3807 1150 3872 δέ
1173 3807 1222 3873 καὶ
1246 3807 1381 3885 μέγιστα

291 3921 371 3986 κακοὶ
401 3920 466 3993 τοὺς
497 3921 651 3999 πολεμίους
681 3921 878 4002 εἰργασμένος.
925 3919 1047 3984 Primus
1078 3919 1219 3982 Baiterua
1242 3939 1298 4003 pro
1321 3918 1381 4001 tata

264 4047 267 4052 “
291 4033 410 4109 apaan
434 4031 563 4096 coniecit
584 4031 634 4095 aa}
658 4032 800 4109 μεγοέλον
822 4031 958 4112 οὶγαέῶν,
985 4053 1022 4094 ex
1045 4029 1163 4094 Gelono
1187 4025 1321 4112 (XVIII.
1348 4030 1379 4092 2.

290 4166 321 4228 p.
347 4145 387 4206 65
412 4141 538 4220 Κϋέ111.,
559 4142 613 4227 qui
636 4149 738 4208 tamen
761 4143 847 4206 locus
871 4142 945 4205 satia
969 4147 1131 4226 corruptus
1153 4143 1209 4223 est)
1229 4140 1280 4203 καί
1297 4161 1382 4202 assu-

290 4277 394 4331 mens,
426 4252 569 4331 μεγοέλυν
604 4253 820 4317 concinnitatis
852 4274 943 4317 causa
974 4251 1097 4316 addens.
1144 4248 1202 4314 Sed
1234 4249 1273 4312 ad
1303 4249 1379 4332 tata,

288 4388 342 4430 ευο
364 4367 476 4430 r'udt'ca‘o
497 4387 588 4444 usus,
608 4369 772 4449 separatim
795 4363 833 4428 cf.
854 4366 904 4427 15.
921 4366 952 4426 4.
983 4361 1135 4439 Μεγοέλων
1152 4360 1255 4426 abessa
1272 4380 1380 4444 posse,

289 4497 379 4542 nemo
400 4475 535 4560 negabit.
