3074 5210
640 471 678 536 97

128 692 183 747 γειν
208 665 437 750 ἀναγκάζοντες,
462 666 704 749 προσγράψασθαι
727 668 793 736 τότε
817 669 863 736 ἔτ’
886 667 1052 754 αὐτοφώρῳ.
1099 665 1202 731 Unde·

127 778 236 844 eimviri
267 802 328 844 non
358 779 420 844 diei
450 786 580 865 possunt
609 781 711 846 iubere
733 802 855 848 eeusem
877 780 916 846 ad
940 801 1030 845 suum
1052 776 1203 844 iudicium

127 888 229 954 deferri
235 915 245 967 3
277 889 391 956 nemini
421 889 482 954 tale
513 888 586 974 quid
617 890 783 976 praeseribi
805 898 907 977 potest
929 891 963 956 in
985 889 1126 968 civitate,
1150 887 1204 953 ubi

125 1003 137 1067 ό
163 1000 335 1081 βουλόμενοι
363 1005 502 1078 eeeusst,
526 1000 641 1066 nedum
663 1001 701 1067 eb
724 1023 760 1066 eo
784 1003 838 1088 qui
862 1001 1011 1066 iudicium
1034 999 1099 1087 ipse
1123 1020 1204 1064 exer·

126 1119 185 1190 eet3
208 1119 338 1198 possunt
360 1133 431 1178 vero
453 1110 587 1190 iudices,
612 1111 687 1176 dum
709 1112 852 1178 reiieiunt
875 1133 1014 1189 eausam,
1036 1108 1127 1174 simul
1142 1131 1205 1172 mo·

123 1244 188 1288 nere
211 1222 288 1308 quid
310 1221 343 1287 in
365 1221 497 1286 formula
520 1221 703 1286 accusatoris
725 1223 907 1288 mutandum
932 1222 981 1286 sit.
1021 1219 1090 1284 Hoc
1114 1217 1204 1284 verbo

123 1332 299 1416 όνοιγιιόζειν
333 1333 540 1418 significatum
572 1331 633 1398 tele
661 1333 813 1398 monitmn
843 1334 905 1398 vim
934 1331 1027 1396 hebet
1049 1328 1125 1395 iussi
1131 1355 1140 1408 ;
1165 1328 1203 1394 ef.

25 1471 26 1476 ¹
123 1443 198 1509 Iseei
221 1444 326 1509 loeum
348 1465 366 1508 e
388 1442 645 1508 Reuehensteinio
668 1443 857 1530 adscriptum
882 1446 932 1508 10.
957 1445 994 1506 2:
1012 1438 1204 1519 ἠνάγκασμαι

124 1556 169 1629 τὴν
192 1554 307 1635 μητέρα
328 1555 380 1628 τὴν
402 1553 474 1631 ἐμὴν
497 1552 565 1633 πρὸς
587 1563 624 1636 τῇ
647 1554 793 1632 όνακρόσει
815 1551 1011 1634 Ἀριστάρχου
1035 1548 1205 1617 εἶναιοὶδενι·

123 1666 176 1746 φόνι
199 1663 451 1747 τροςγροόφοισόαι.
494 1661 567 1728 Non
591 1670 693 1729 eutem
716 1664 803 1750 iungi
826 1670 928 1750 potest
947 1665 970 1729 οἱ
987 1659 1104 1746 ἕνδεκα,
1122 1661 1205 1728 νότιό-

124 1797 180 1851 γειν
203 1773 424 1856 ἀναγκάζοντες
447 1775 556 1841 δοκοῦσι
576 1773 836 1859 τροςγρόφοισόοοι,
860 1797 923 1861 quo
944 1774 1025 1838 fecto
1051 1771 1113 1858 ipsi
1128 1770 1206 1836 diee-

124 1896 222 1950 rentur
244 1886 352 1950 fecisse
376 1908 453 1972 quae
476 1885 586 1950 sotoris
608 1893 698 1965 sunt,
716 1885 769 1952 sed
784 1886 947 1952 cohaerent
964 1885 1054 1950 verbe
1069 1880 1204 1962 ἀναγκό-

123 1994 211 2076 ζοντεο
230 1997 497 2078 προσγράψασθαι.
543 1995 610 2060 Iem
640 2017 711 2060 vero
728 1981 905 2061 'infinitivus
927 1994 1058 2074 ότόγειν
1081 1993 1205 2059 tolerari

122 2127 180 2172 non
195 2107 313 2192 poterit
328 2106 381 2172 sed
397 2129 453 2192 pro
469 2129 505 2171 eo
520 2105 770 2172 substituendum
785 2106 907 2172 videtur
916 2104 1087 2185 οὶνιοόγοντα.
1110 2105 1206 2171 Porro

122 2216 167 2281 οὐκ
198 2224 274 2282 ente
303 2217 419 2297 οἰόμενοι
452 2218 527 2302 quin
558 2217 734 2284 addendum
764 2219 804 2282 sit
833 2218 959 2283 minime
982 2217 1091 2284 dubito
1098 2243 1108 2296 3
1133 2238 1206 2282 suae

122 2328 198 2391 enim
229 2351 340 2393 causae
369 2329 435 2414 ipse
466 2329 615 2403 officeret,
645 2330 671 2394 si
693 2328 916 2396 undecimviros
940 2332 1076 2416 Agorate
1098 2329 1207 2394 favisse

122 2434 266 2503 fateretur
273 2464 282 2516 3
314 2446 405 2524 etque
436 2441 480 2504 ite
509 2439 569 2504 iem
599 2439 747 2525 Teylorus
779 2448 810 2505 et
832 2439 1044 2507 Marklandus.
1090 2440 1207 2506 Verum

122 2546 144 2609 si
169 2551 219 2614 οὐκ
251 2555 298 2614 est
330 2548 522 2630 addendum,
555 2550 605 2615 vix
635 2550 695 2616 καὶ
728 2550 961 2633 διισχυριζόμενοι
991 2553 1092 2616 loeum
1116 2573 1205 2616 suum

121 2659 195 2724 tueri
220 2659 356 2746 poterit3
379 2682 435 2745 pro
459 2682 494 2724 eo
518 2659 671 2746 Seuppius
696 2667 727 2726 et
748 2659 985 2727 Reuehenstein.
1007 2661 1093 2728 οὶλλοὶ
1113 2662 1204 2743 διισχ.

122 2767 312 2834 substituunt
319 2796 327 2848 ;
353 2770 406 2835 sed
430 2771 532 2858 ipsum
554 2771 681 2837 verbum
703 2770 922 2853 διισχυρίζεσθαι
940 2795 1032 2860 supra
1049 2775 1066 2859 ζ
1082 2774 1122 2836 85
1140 2773 1206 2851 bis,

122 2885 149 2940 et
176 2903 286 2946 rursus
318 2880 397 2944 infre
423 2882 440 2966 ζ
464 2882 504 2944 88
528 2880 643 2946 lectum
665 2881 724 2946 hoe
747 2879 872 2966 quidem
894 2881 962 2946 loeo
984 2905 1047 2948 non
1070 2890 1141 2969 epte
1163 2884 1206 2948 vi·

123 2985 208 3054 detur
240 2989 280 3055 de
309 2989 465 3056 iudicibus
495 2991 629 3071 dietum,
662 3013 793 3077 quorum
823 3014 886 3056 non
915 2999 961 3056 est
983 3016 1153 3060 asseverare
1176 3004 1206 3058 et

121 3120 316 3186 propugnare
350 3100 405 3165 sed
439 3101 619 3188 simpliciter
653 3123 821 3187 proponere
855 3103 1048 3167 sententiam.
1102 3103 1206 3185 Quare

121 3207 282 3295 legendum
305 3211 367 3278 fere
389 3212 577 3298 putaverim:
601 3212 710 3278 δοκοῦσι
734 3210 756 3276 δ’
780 3209 874 3290 ἔμοιγ’
897 3213 921 3277 οἱ
944 3208 1061 3291 ἕνδεκα,
1077 3215 1101 3278 οἱ
1113 3237 1207 3296 ταρα·

120 3318 268 3402 δεξάμενοι
297 3324 350 3400 τὴν
379 3325 549 3402 ἀπαγωγὴν
578 3324 707 3400 ταύτην,
739 3326 790 3390 οὐκ
819 3322 935 3400 οἰόμενοι
958 3322 1109 3407 Ἀγοροότῳ
1130 3350 1223 3404 συμ-.

120 3432 257 3512 τρόποιν
281 3433 350 3501 τότε
374 3433 437 3519 [καὶ
462 3433 710 3520 διισχυριζόμενοι]
721 3484 730 3514 ,
754 3435 855 3517 σφόδρ’
877 3436 957 3518 όρόῶς
980 3443 1114 3513 ποιῆσαι,
1138 3400 1225 3525 Δια-δ

122 3541 209 3610 νόσιον
232 3546 285 3620 τὴν
307 3544 477 3622 ἀπαγωγὴν
498 3544 649 3624 ότόγοντ’
671 3543 889 3626 όναγκόζοντες
911 3545 1152 3629 τροςγροόφασόαι
1171 3536 1224 3614 εἶν’

121 3653 165 3716 ἔτ’
184 3655 370 3739 αὐτοφώρῳ,
401 3654 568 3733 „videntur
595 3655 673 3720 mihi
700 3655 918 3736 undecimviri,
943 3656 997 3741 qui
1018 3657 1206 3724 admiserunt

21 3763 22 3766 ’
123 3763 222 3842 „hene
245 3766 447 3845 delationem,
472 3788 535 3831 non
558 3775 699 3852 putentes
723 3791 755 3833 se
777 3775 845 3832 tum
867 3771 1001 3854 Agorato
1022 3769 1137 3848 favere,
1154 3746 1224 3856 ors-⁸1

121 3877 216 3952 „sime
238 3877 365 3954 fecisse,
390 3875 474 3961 quod
495 3877 679 3964 Dionysium
702 3878 885 3945 delationem
905 3879 1089 3945 deferentem
1104 3854 1225 3981 wege-¹1

121 3996 214 4062 „runs
239 3987 409 4054 adscribere
432 3988 750 4073 1Ηυέτάὐτοφιόρῳ.”
774 3989 938 4074 Sequentia
954 3992 1072 4077 egregie
1087 3993 1206 4057 sanavit
1222 3988 1227 4101 ἶὶ

121 4093 358 4165 Herwerdenus:
387 4096 625 4188 Qropgsspe
656 4100 741 4185 (haee
763 4101 854 4166 verbs
875 4101 997 4188 repetit)
1016 4102 1228 4198 {egee-Q·

123 4204 157 4272 όιν
186 4210 247 4300 εἴη,
275 4211 365 4284 εἴτις
389 4212 591 4294 πρῶτονμὲν,
614 4238 642 4278 κ.
667 4237 696 4279 τ.
720 4215 761 4288 ε’.,
786 4219 851 4277 tum
875 4215 905 4278 οὐ
928 4214 987 4294 γόορ
1010 4214 1099 4289 δήπου
1121 4219 1205 4278 τοῦτο
1227 4194 1232 4243 ’“

124 4317 203 4392 μόνον
225 4331 282 4388 νοεῖ
299 4322 333 4388 τό
357 4321 405 4387 ἐτ’
428 4323 603 4405 αὐτοφώρῳ,
629 4348 656 4389 ιι.
681 4349 708 4391 τ.
734 4326 757 4389 ἑ.
781 4323 970 4402 „nonenim
995 4323 1051 4389 hoe
1075 4324 1133 4389 sibi
1155 4346 1205 4392 vo.
1229 4342 1233 4409 ¹,

125 4426 213 4502 „lunt
235 4432 324 4498 verba
346 4430 400 4495 ille
422 4431 469 4496 ἐτ’
488 4433 659 4518 αὐτοφώρῳ,
677 4435 702 4498 si
719 4435 787 4518 quie
803 4432 911 4498 baculo
927 4457 1017 4519 quem
1034 4442 1088 4500 eut
1102 4434 1204 4520 gladio
1226 4420 1232 4532 f

1067 4551 1085 4607 7
