3074 5210
643 456 684 520 88

128 661 157 724 ἐκ
184 663 239 724 τῶν
271 658 346 724 ιίτων
375 656 510 733 ἐξείλετο.
558 654 818 741 Distinguendum
849 665 929 720 erat:
959 655 999 726 εἰς
1021 653 1072 725 ria
1096 651 1204 725 οἰκίοιν,

128 768 275 846 Μηλόβιος
305 807 349 818 --
379 766 514 845 ἐξείλετο.
553 765 661 846 Quum
690 768 723 831 in
746 766 847 832 mariti
870 763 1060 830 Polemarchi
1082 784 1206 828 manum

127 878 281 956 veniebat,
312 879 372 945 iam
403 879 473 944 illos
504 878 633 944 annulos
661 900 737 944 uxor
760 877 908 972 habebat5
933 882 1048 962 quanto
1072 873 1207 958 iniquius

21 1063 22 1068 η
127 997 187 1054 erat
217 991 275 1056 hos
304 997 367 1054 tam
389 989 552 1075 diligenter
574 997 764 1054 conservatos
787 988 834 1054 illi
857 988 932 1073 eripi
955 1011 973 1051 a
995 985 1140 1052 Melobio.
1163 1021 1208 1034 —

21 1167 22 1170 ,
126 1101 169 1166 De
199 1101 293 1166 verbo
324 1102 486 1176 κτήσωσίοιι
517 1101 550 1164 in
580 1099 637 1164 hac
668 1101 801 1166 sectione
827 1099 859 1164 in
882 1101 1037 1174 κτήσεσθαι
1061 1096 1208 1162 mutando

21 1213 22 1280 ὲ
125 1219 286 1276 monuerat
306 1213 365 1278 iam
390 1211 545 1276 Dobreus:
575 1210 631 1278 dea
652 1211 833 1277 attenderes
855 1209 1207 1292 sacramentonum

126 1323 213 1406 paulo
245 1330 317 1388 ante
346 1324 363 1408 t
397 1323 434 1387 17
468 1344 522 1407 pro
543 1322 578 1388 τί
601 1322 651 1386 ὑπ’
674 1322 784 1388 ἐκείνων
803 1320 954 1400 εἰθισμένον
978 1319 1208 1403 παράγγελμα,

21 1447 22 1470 ³
125 1433 290 1518 legendum
321 1456 384 1498 esse
415 1435 463 1498 ἐπ’
495 1434 605 1499 ἐκείνων
635 1455 696 1498 non
728 1455 840 1497 novum
873 1440 932 1510 est,
968 1432 1021 1496 sed
1048 1432 1210 1496 artificiosa

126 1546 377 1632 interpretatione
400 1545 581 1609 recentiores
605 1544 736 1609 editores
760 1544 879 1608 malunt
894 1543 1054 1608 defendere
1070 1541 1210 1606 codicum

127 1657 181 1740 (vel
213 1656 329 1721 codicis
360 1657 475 1742 potius)
498 1655 676 1720 lectionem:
701 1657 734 1721 τὸ
758 1655 808 1720 ὑπ’
831 1656 940 1721 ἐκείνων
963 1654 1128 1732 εἰθισμένον,
1154 1655 1209 1718 int.

127 1767 403 1848 πωροιγγέλλεσίοιι.

166 1881 261 1964 527.
309 1879 384 1944 Post
411 1880 454 1944 rei
485 1879 755 1964 interrogationem
777 1881 794 1964 t
818 1881 878 1956 25,
903 1877 1034 1963 primum
1057 1876 1213 1961 redarguit

127 1988 212 2056 illum
237 1990 408 2068 dicentem,
432 2012 463 2054 se
487 1990 613 2054 oonsilio
636 1990 763 2074 triginta
786 1990 919 2054 virorum
943 1988 1129 2073 restitisset
1152 1989 1212 2064 263

127 2109 189 2166 tum
214 2102 254 2166 ad
278 2102 404 2168 alteram
428 2102 653 2166 excusationem
675 2100 870 2174 refellendam
889 2100 1055 2176 transiens,
1076 2098 1126 2163 κοιί
1137 2099 1211 2181 ωιίν,

126 2211 244 2298 inquit,
267 2213 329 2280 οὐδὲ
351 2210 429 2278 τοῦτ’
453 2213 526 2284 εἰκὸς
550 2215 628 2292 οιιίτῷ
652 2211 812 2288 πιστεύειν,
835 2208 914 2291 εἰπερ
937 2212 1031 2286 alandt
1058 2208 1213 2292 λέγειφοί-

127 2347 198 2389 σκων
222 2326 387 2398 ἀντειπεῖν,
409 2325 445 2396 ὡς
469 2325 548 2404 οιιίτῷ
572 2323 752 2404 προσετάχθη
776 2320 853 2406 (MS.
878 2320 1012 2405 ε’τοίχίν).
1036 2319 1074 2384 In
1091 2321 1139 2384 his
1155 2320 1214 2383 tria

127 2442 282 2518 postrema
303 2435 395 2500 verba
417 2434 573 2522 iungenda
596 2441 668 2498 sunt
683 2457 753 2498 cum
769 2433 931 2510 πιστεύειν,
947 2432 1128 2517 interposita
1142 2437 1215 2494 sunt

126 2543 177 2610 illa
207 2545 289 2629 εἰπερ
319 2585 364 2596 -·
394 2547 540 2613 ἀντειπεῖν
567 2568 620 2632 per
642 2545 856 2630 parenthesin,
881 2545 925 2609 sic
949 2552 983 2608 ut
1006 2545 1085 2607 viam
1109 2542 1147 2606 ad
1171 2563 1214 2604 se·

128 2659 256 2740 quentia
278 2665 474 2743 praeparent:
499 2658 575 2736 „sed
595 2658 621 2722 si
636 2656 685 2722 vel
700 2656 829 2722 maxime
846 2678 915 2722 vera
931 2653 1096 2720 contendat
1111 2653 1215 2718 dicens

127 2789 156 2832 sc
179 2771 360 2837 oblocutum
384 2791 448 2834 esse
470 2769 523 2853 (de
546 2791 607 2853 quo
631 2768 705 2852 quid
730 2768 770 2832 sit
785 2766 982 2832 statuendum
994 2767 1054 2830 iam
1066 2765 1213 2849 dictuml,

128 2887 230 2947 tamen
262 2881 371 2965 utique
393 2902 457 2946 non
480 2887 600 2964 oportet
623 2879 650 2942 ei
673 2877 764 2942 fidem
787 2878 912 2954 habere,
938 2899 1033 2962 quum
1057 2877 1132 2942 dicit
1154 2877 1215 2940 ius-

129 3013 195 3057 sum
229 3017 261 3058 se
291 2992 416 3059 fnisse.”
462 2992 546 3056 Haeo
577 2992 619 3056 ita
641 2991 843 3076 pronunciata
866 2990 992 3054 fuerunt
999 3039 1009 3068 ,
1035 2997 1070 3053 ut
1093 2987 1217 3052 andien-

130 3103 211 3170 tibus
244 3126 307 3169 non
338 3111 437 3168 essent
468 3097 613 3182 obscura',
645 3103 759 3188 legenti
790 3101 936 3186 impedita
965 3108 1051 3178 sunt;
1076 3100 1114 3163 cf.
1138 3099 1216 3162 infra

131 3214 166 3278 ad
189 3219 207 3302 t
231 3219 283 3280 tl.
318 3215 423 3300 Pergit
446 3222 563 3280 orator:
587 3217 618 3280 οὐ
642 3215 701 3295 yde
724 3214 756 3288 δή
772 3210 1102 3287 contremescentem
1119 3208 1216 3273 πίστιν

130 3328 198 3408 παρ’
222 3329 313 3394 aaron
336 3305 516 3405 ἕλιίωίίοινον.
552 3325 705 3411 Bergkius
729 3346 784 3409 pro
808 3325 905 3389 πίστιν
921 3322 1083 3408 proposuit
1097 3327 1215 3401 πείσοινς

131 3458 192 3503 non
217 3438 382 3515 assentior;
406 3438 520 3516 πίστις,
545 3438 657 3522 pignus
680 3436 769 3510 fidei,
794 3442 857 3500 tam
880 3435 989 3512 rebus,
1007 3442 1043 3498 ut
1058 3433 1117 3496 hoc
1133 3432 1222 3509 loco,'

131 3571 224 3635 qnam
253 3549 352 3613 verbis
382 3549 448 3612 dari
478 3545 589 3634 potest.
635 3548 863 3612 Documentum
891 3546 962 3610 fidei
986 3553 1016 3608 et
1040 3542 1131 3609 simul
1155 3543 1219 3627 pig·

131 3681 189 3725 nus
219 3661 251 3726 in
279 3666 435 3745 posterum
465 3660 617 3744 putabant
645 3660 773 3744 triginta
795 3659 851 3722 viri
875 3657 1105 3722 malefactorum
1128 3654 1220 3718 socie·

131 3776 242 3849 tatem,
274 3778 311 3834 nt
340 3777 447 3836 notum
472 3793 508 3834 ex
530 3769 609 3835 Plat.
635 3770 724 3855 Apol.
750 3772 802 3833 32.
828 3767 870 3846 (ἰ,
894 3767 965 3853 Lys.
991 3767 1043 3828 25.
1071 3767 1129 3829 13:
1153 3764 1220 3836 τοὺς

132 3891 262 3949 πλεῖστοι
285 3884 365 3948 κοικιί
389 3884 467 3962 ὑμᾶς
490 3882 695 3961 εἰργασμένους
721 3883 759 3953 εἰς
782 3882 837 3954 τοίς
858 3861 951 3957 Ιτιμίις
971 3877 1170 3958 κοιίίστοισοον,
1183 3877 1219 3947 ὡς

132 3995 243 4071 τοιιίτνν
273 3994 342 4076 παρ’
374 3998 452 4074 ἡμῶν
483 3994 515 4078 (l.
549 3997 654 4078 κιίτιίν)
678 3996 774 4058 πίστιν
793 3991 955 4073 εἰληφότες.
1001 3987 1060 4052 Sed
1084 3985 1120 4052 σ’ἰν
1143 3987 1174 4050 h.
1199 3985 1221 4050 1.

134 4105 237 4170 abesse
259 4128 323 4170 non
345 4113 460 4191 potest;
485 4105 649 4190 legendum
672 4107 703 4170 οὐ
726 4105 785 4184 sap
809 4101 845 4168 ἰιν
868 4103 901 4177 δι’
926 4125 997 4176 που,
1014 4105 1051 4162 ut
1067 4097 1145 4162 Xen.
1159 4095 1221 4160 ΟΡ.

134 4213 194 4280 ΙΠ.
229 4219 258 4281 l.
293 4219 344 4283 17.
391 4216 667 4301 Insequentibus:
692 4215 757 4280 ε’πεί
778 4238 820 4279 τοι
844 4215 884 4295 τῷ
909 4211 993 4288 ἧττον
1008 4210 1084 4282 εἰκὸς
1102 4204 1133 4283 ἦν
1147 4231 1226 4286 προς-

135 4329 297 4408 τοιχίἥνοοι,
329 4328 345 4403 εἰ
378 4325 454 4400 ὅστις
485 4351 523 4404 νε
554 4327 694 4392 οἰντειπίον
721 4325 892 4406 ἐτύγχανε,
917 4323 949 4387 in
972 4320 1020 4384 his
1044 4320 1139 4404 igitur
1161 4317 1226 4382 ε’πεί

135 4462 176 4503 τοι
199 4447 245 4502 est
263 4418 305 4501 ‘ex
328 4439 539 4504 emendatione
548 4465 557 4518 3
582 4437 677 4502 codes
695 4436 817 4511 ἔπειτα,
835 4435 918 4520 quod
935 4433 1058 4497 omnino
1074 4429 1146 4494 ferri
1161 4449 1224 4490 non

1067 4546 1103 4603 6*
