3128 5208
681 495 722 578 se

151 695 239 760 enim
265 695 303 760 ad
327 694 417 762 tidem
440 694 663 760 conciliandam
686 716 792 779 parum
816 700 920 778 aptum
932 685 1032 770 'osset5
1049 714 1112 756 rem
1129 701 1244 777 gestam

134 829 227 870 were
261 814 431 870 enarratam
462 829 523 870 non
555 805 685 872 credunt
715 804 833 868 iudices
865 803 923 867 nisi
954 803 1037 866 illam
1068 803 1125 866 sub
1149 803 1253 866 oculis*

153 919 250 982 sitem
274 918 363 1002 quasi
385 917 647 1003 contemplentur,
673 925 779 1000 estque
803 915 856 978 ille
879 915 994 992 virtus,
1019 936 1110 998 quam
1136 913 1247 998 Diony-

152 1031 224 1094 sius
249 1028 350 1094 Helie.
375 1030 413 1093 de
435 1029 507 1115 Lys.
532 1053 558 1094 c.
584 1035 603 1092 8
627 1029 821 1093 vehementer
844 1027 875 1092 in
900 1034 1004 1090 nostro
1021 1033 1139 1090 oratore
1155 1026 1248 1090 admi·

153 1149 264 1204 ratur:
288 1143 301 1206 ὂ
325 1142 353 1206 δὲ
378 1141 523 1222 τροςέχονν
550 1141 602 1215 τὴν
624 1138 746 1205 διάνοιαν
769 1146 827 1211 τοῖς
851 1138 959 1203 Λυσίου
984 1137 1102 1216 λέγοις,
1126 1139 1183 1216 οὐχ
1206 1135 1248 1203 οὕ-

89 1271 92 1276 ’
154 1277 216 1324 τως
240 1251 325 1318 ἔσται
348 1252 465 1327 σκαιός,
491 1253 506 1328 ἢ
530 1251 716 1332 δοςοέρεοτος,
737 1251 753 1325 ἢ
774 1249 883 1329 βραδὺς
902 1249 951 1314 τὸν
971 1255 1047 1327 νοῦν,
1064 1248 1093 1317 ὃς
1109 1252 1166 1330 οὐχ
1182 1249 1247 1314 ὑπο-

155 1366 292 1444 λήψεται
315 1363 356 1429 τὰ
379 1363 542 1441 δηλούμενα
564 1365 600 1436 ὡς
623 1362 787 1440 γιγνόμενα
810 1363 891 1442 ipsiu,
916 1362 965 1426 aci
981 1359 1074 1440 ὥσπερ
1093 1365 1248 1440 παροῦσιν,

155 1470 199 1546 οἷς
230 1473 268 1540 ἂν
296 1475 310 1538 ὃ
332 1476 420 1555 ῥήτωρ
443 1473 567 1556 εῐοανρ,
591 1474 744 1556 τροςώτονρ
767 1474 887 1549 ὁμιλεῖν.
931 1471 1180 1556 interpolationis
1206 1493 1252 1534 ve-

158 1587 291 1669 stigium
317 1607 449 1669 agnosco
473 1585 505 1649 in
531 1584 629 1649 verbis
653 1583 702 1648 καὶ
726 1587 797 1662 ἐμοῦ
809 1584 987 1661 ἀμυνομένου
1000 1591 1069 1668 post
1085 1589 1145 1646 tam
1164 1582 1252 1645 breve

157 1695 360 1762 intervallum
384 1696 531 1780 repetitis

209 1807 256 1871 Ex
280 1807 318 1870 iis
341 1829 420 1890 quae
442 1807 589 1892 leguntur
611 1809 628 1892 p
652 1809 692 1870 25
718 1807 821 1890 (cairo
844 1813 903 1880 τῶς
927 1806 1016 1884 εἰκός,
1040 1832 1067 1873 κ.
1092 1830 1120 1872 τ.
1145 1806 1178 1889 ἕ.)
1204 1828 1253 1890 ap·

77 1927 87 1949 '
159 1926 268 2005 paret,
305 1917 459 1982 Simonem
494 1917 687 1984 contendisse
724 1926 872 1983 trecentas
905 1941 936 1982 se
968 1917 1126 1982 drachmas
1158 1938 1253 2002 puero

160 2029 326 2094 donavisse
350 2029 388 2093 ad
412 2029 478 2094 eius
503 2053 636 2094 amorem
660 2029 717 2094 sibi
738 2029 962 2097 conciliandum
972 2057 981 2107 ;
999 2030 1077 2094 hano
1093 2029 1253 2114 pecuniam

158 2166 195 2206 se
220 2149 328 2226 postea
350 2164 553 2227 recuperasse.
589 2141 648 2206 His
672 2164 689 2204 a
712 2164 760 2206 me
784 2141 956 2226 praemissis
972 2163 1054 2205 nunc
1071 2140 1161 2205 verba
1177 2161 1255 2224 quae

158 2255 253 2320 initio
273 2253 418 2318 sectionis
440 2252 582 2316 laudatae
601 2251 764 2336 leguntur:
789 2255 838 2317 οὐκ
860 2250 977 2332 ἐξαρκεῖ
993 2252 1056 2333 περὶ
1080 2252 1180 2316 τούτου
1203 2251 1254 2326 μέ-

161 2391 209 2430 νον
234 2367 315 2445 αὐτῷ
338 2365 519 2444 ψεύσασθαι.
545 2362 607 2443 περὶ
631 2369 681 2428 τοῦ
705 2364 852 2429 δεδωκέναι
875 2364 908 2428 τὸ
931 2363 1079 2444 οὶρνύρνον,
1103 2366 1187 2430 aare
1205 2365 1255 2429 καὶ

164 2475 337 2552 κεκομίσθαι
361 2475 452 2555 <boob
470 2473 588 2537 nnllam
612 2473 744 2538 offerunt
768 2474 994 2538 obscuritatem.
1041 2475 1100 2540 Sed
1125 2477 1255 2560 primum

165 2588 248 2653 lecta
271 2583 432 2648 offendunt
439 2611 448 2662 ;
473 2583 600 2648 verbum
623 2586 789 2662 κεκομίσθαι
812 2606 874 2648 non
898 2595 1001 2670 aptum
1023 2595 1085 2664 est;
1103 2609 1164 2652 non
1181 2593 1256 2652 occi-

165 2701 274 2784 picudi
295 2695 348 2765 sed
375 2698 576 2780 recuperandi
597 2695 682 2760 notio
705 2695 874 2759 necessaria
897 2705 959 2774 est;
985 2697 1107 2782 scripsit
1129 2698 1255 2762 sortasse
1332 2749 1342 2758 ..

168 2808 278 2893 Lysias
303 2805 556 2883 κοένακεαοροίοέαν.

215 2921 308 3004 §itt
354 2916 487 2992 οἰομένας
517 2913 553 2979 ἴον
583 2940 622 2993 με
645 2911 718 2981 εἶδεν
741 2916 955 3000 corrigendum
978 2917 1100 2982 videtur
1121 2919 1256 2996 ἄσμενος.

169 3031 222 3094 Ita
244 3029 326 3094 enim
350 3027 450 3092 solent
473 3026 571 3090 Attici
594 3027 706 3111 reliqui
730 3036 759 3091 et
783 3027 889 3112 Lysias
917 3037 1126 3113 praeterquam
1147 3033 1196 3094 13.
1217 3032 1256 3092 11

171 3149 204 3205 et
227 3143 279 3204 al.
307 3139 358 3202 18.
401 3137 449 3200 De
472 3125 677 3221 Xenophonte
700 3138 739 3202 ci.
763 3138 903 3202 Diodori.
929 3139 966 3203 ad
984 3139 1106 3204 Memm.
1126 3140 1187 3204 ΙΙΙ.
1208 3144 1257 3204 11.

174 3253 235 3328 10,
267 3249 322 3334 qni
353 3247 442 3311 docet
472 3247 649 3312 adverbium
680 3249 810 3313 subinde
838 3249 1008 3314 alibreriis
1032 3272 1087 3336 pro
1111 3250 1258 3316 adiectivo

173 3361 378 3424 substitutum
402 3381 484 3436 esse,
510 3359 647 3444 exemplo
668 3382 741 3424 usus
767 3361 835 3424 loeo
859 3361 918 3426 GP.
937 3362 974 3425 V.
993 3367 1023 3428 4.
1042 3367 1078 3441 6,
1096 3365 1150 3427 ubi
1167 3365 1259 3448 vulgo

174 3473 231 3552 χρὴ
260 3469 394 3546 οἰομένας
426 3469 559 3554 legitur,
592 3469 644 3534 sed
674 3481 817 3560 corrupta
840 3472 931 3536 lectio
954 3475 1171 3556 χρησαμένους,
1196 3499 1260 3560 per·

176 3582 301 3646 mutatis
332 3581 453 3646 duabus
485 3582 609 3660 litteris,
634 3605 735 3650 veram
758 3591 906 3648 monstrat
931 3587 990 3666 zeb
1013 3585 1164 3666 οὶοροένονς.
1211 3587 1260 3652 Ad

175 3700 317 3760 nostrum
346 3692 447 3757 locum
480 3693 517 3756 cf.
554 3696 580 3757 1.
615 3695 673 3757 12:
703 3695 814 3773 οέοριένν
845 3719 884 3773 με
914 3697 1046 3775 ἐορακνῖα
1076 3696 1181 3772 ἥκοντα
1213 3699 1261 3763 δρα

175 3803 286 3884 χρόνον.
312 3806 364 3868 22.
394 3807 450 3867 ld:
475 3801 593 3880 ἄσμενον
616 3805 672 3877 τὰς
695 3807 848 3886 συμφορὰς
871 3807 926 3877 τοὶς
951 3808 1091 3887 ὑμετέρας
1115 3810 1218 3887 ὁρῶσιν.

220 3917 236 4000 d
259 3917 301 3978 36
326 3914 358 3978 id
381 3917 473 3998 agens
497 3921 600 3979 orator
622 3923 658 3979 ut
681 3937 713 3979 se
736 3938 797 3979 non
823 3917 964 4000 petivisse
980 3917 1033 3981 sed
1049 3920 1180 4003 petitum
1196 3943 1260 3985 esse
1296 3896 1298 3900 .

178 4025 381 4104 demonstret,
407 4025 547 4090 maleficii
571 4025 719 4105 alicuius,
743 4028 863 4112 inquit,
889 4037 1027 4093 auctores
1041 4039 1114 4094 suut
1129 4054 1191 4121 ripn
1208 4032 1261 4115 qui

176 4137 301 4221 fugiunt
325 4135 377 4200 sed
401 4137 454 4220 qui
478 4137 694 4220 insequuntur.
743 4141 787 4204 Οὐ
807 4139 897 4204 τοίνυν
917 4146 1018 4204 ταῦτα
1036 4121 1149 4224 εἰκότα,
1163 4141 1262 4215 ἄλλως

178 4247 212 4310 δέ
242 4247 322 4327 παρ’
353 4249 469 4312 αὐτῶν
498 4247 680 4327 τέτρακταν,
706 4250 791 4314 ἄλλα
813 4251 1039 4328 καταλαβόντες
1063 4252 1096 4318 τὸ
1120 4252 1262 4333 perpetuos
1356 4328 1358 4334 Α

179 4359 210 4421 ἐκ
236 4369 288 4434 τῆς
311 4361 373 4424 ὁδοῦ
397 4355 467 4436 ἦγον
489 4360 553 4442 βίον.
600 4359 649 4423 Sic
673 4360 850 4440 Palatinus;
876 4362 939 4443 περὶ
963 4367 1058 4431 αὐτῶν·
1082 4387 1118 4426 ex
1137 4365 1264 4429 deterio

180 4469 263 4536 ribus
296 4471 489 4536 adsciverunt
519 4468 699 4536 Turicenses
731 4480 761 4536 et
792 4471 969 4550 Scheibius;
993 4473 1025 4536 in
1049 4496 1110 4560 qua
1133 4474 1262 4544 lectione

1108 4589 1145 4646 3*
