3126 5210
652 444 713 507 159

157 646 248 702 contra
275 640 307 702 in
338 639 439 704 verbis
471 639 582 714 ταύτην
614 642 666 706 τθνν
697 665 766 706 κατ.
797 642 898 716 ἱκανὴν
920 636 991 706 εἶναι
1015 639 1171 724 cogitatur
1195 639 1235 704 de

155 748 212 812 aliia
240 750 502 828 accusationibus,
537 772 614 836 quae
647 774 712 816 cum
746 757 807 816 ium
838 755 919 818 dictu
943 750 1126 816 sufficerent.
1174 748 1235 812 Illa

156 859 271 924 lectione
301 861 391 946 plura
421 883 484 926 non
516 863 721 948 exspectanda
752 885 835 940 esse,
869 884 947 946 quae
975 865 1097 946 plenam
1120 859 1236 924 iaciant

154 970 379 1049 accusationem,
405 972 462 1036 hac
483 994 546 1036 non
567 977 630 1038 alric
649 981 678 1040 et
696 996 772 1040 noua
790 974 920 1038 crimina
944 971 1146 1058 significatur.
1179 967 1236 1033 Ve-

151 1089 307 1146 rumtamen
327 1103 425 1166 quum
437 1084 550 1159 ταύτην
569 1085 621 1160 τὴν
636 1086 814 1170 κατηγορίαν
833 1086 925 1150 etiam
938 1083 1109 1168 significare
1121 1081 1234 1165 possit:

152 1189 215 1254 haec
236 1193 408 1271 accusatio,
433 1198 532 1277 quatu
556 1203 610 1260 aut
633 1217 690 1279 quo
711 1199 796 1261 modo
820 1219 838 1260 a
860 1217 909 1260 me
926 1193 1099 1280 profertur,
1125 1191 1237 1256 articu.

151 1297 192 1362 lus
213 1301 281 1366 ferri
304 1309 418 1387 potest.
456 1303 602 1370 Ceterum
626 1329 706 1371 nova
729 1306 857 1372 crimina
879 1327 942 1370 non
967 1306 1030 1369 fere
1053 1303 1237 1368 afferuntur.

186 1411 250 1494 dd.
292 1412 417 1486 Ἄνυτος
450 1414 600 1493 θέλομεν
632 1419 669 1488 ὥς
697 1422 748 1482 τοῦ
780 1415 912 1496 προτέρου
944 1420 1108 1495 χειμῶνος,
1140 1415 1237 1489 ἐπειδὴ

149 1520 232 1596 τίμιοι
259 1519 290 1598 ἦν
319 1523 332 1586 ὃ
361 1529 459 1600 σῖτος,
485 1525 595 1591 τούτων
618 1529 685 1610 (τῶν
709 1529 886 1610 σιτοπωλῶν)
911 1526 1160 1607 ὑπερβαλλόντων
1182 1525 1239 1587 οθλ-

148 1630 243 1704 λθλθνς
264 1633 314 1698 καὶ
339 1635 409 1715 πρὸς
431 1639 516 1718 σφοῖς
539 1638 646 1710 αὐτοὺς
669 1637 849 1718 μαχομένων
872 1637 1120 1714 συμβουλεύσειεν
1136 1635 1236 1704 αὐτοῖς

147 1743 305 1808 παύσασθαι
333 1749 557 1825 Φιλονεικοῦσιν.
605 1747 702 1812 Pauci
734 1748 849 1826 ἔμποροι
880 1745 1074 1810 advehebant
1107 1745 1239 1808 frumen·

145 1857 221 1930 tnm;
255 1854 361 1939 itaqm
397 1856 548 1942 sitopolae
589 1858 729 1923 certatim
766 1859 803 1922 ab
827 1857 875 1921 his
899 1857 1064 1933 emebant,
1088 1861 1239 1938 quantum

146 1960 206 2046 lege
227 1966 469 2045 concedebatur3
495 1991 530 2032 ea
554 1969 783 2034 concertatione
798 1967 933 2053 pretium
951 1964 1133 2050 augebatur.
1157 1963 1237 2026 Tum

148 2071 235 2155 igitur
257 2078 381 2161 Anytus
405 2079 499 2161 (unus
523 2085 579 2145 τῶν
603 2080 820 2162 σιτοφυλοθκων)
844 2083 983 2143 suaserat
1006 2077 1044 2141 iis
1068 2083 1105 2140 ut
1128 2096 1146 2138 a
1169 2096 1238 2138 con·

148 2185 306 2250 certatione
339 2186 520 2253 desisterent
550 2191 720 2256 παύσασθαι
751 2195 966 2274 φιλονεικοῦσιν.
1010 2184 1174 2268 Quomodo
1198 2186 1239 2249 ef·

147 2272 260 2376 secent,
292 2306 329 2361 ut
359 2298 443 2363 illam
475 2299 679 2366 licitationem
709 2303 904 2379 omitterent,
930 2322 992 2364 non
1016 2298 1143 2364 additur
1150 2323 1158 2374 ;
1184 2297 1237 2360 sed

147 2403 206 2468 fieri
236 2416 356 2492 potest,
388 2417 425 2473 ut
456 2410 607 2496 sitopolae
638 2411 785 2476 societate
818 2412 895 2476 inita
927 2409 1084 2474 communi
1108 2407 1238 2472 consilio

147 2517 272 2597 pretium
304 2519 524 2586 constituerint
556 2529 587 2586 et
617 2523 755 2586 emerint.
803 2522 881 2587 Inde
910 2530 1012 2585 tamen
1036 2541 1099 2584 non
1122 2520 1239 2582 lactum

147 2647 206 2689 esse
235 2628 366 2706 videtur,
398 2637 434 2694 ut
466 2633 546 2696 cives
570 2635 644 2697 satis
669 2634 911 2710 sublevarentur,
937 2648 1032 2715 quum
1058 2629 1235 2715 partemin

147 2735 256 2801 horreis
280 2738 469 2824 deponerent
493 2743 642 2830 sitopolae
666 2745 860 2828 (κατέθεντο),
885 2766 948 2808 non
969 2742 1135 2808 venderent
1147 2739 1239 2824 plura

145 2868 234 2931 quam
257 2870 328 2912 cum
352 2850 438 2914 lucro
462 2852 560 2917 iacere
585 2867 719 2938 possent.
767 2853 853 2918 Haec
877 2854 903 2916 si
927 2860 1009 2917 recte
1033 2874 1070 2916 ex
1091 2851 1189 2914 verbis
1201 2853 1237 2920 de

144 2959 231 3024 τοίνυν
261 2963 293 3024 οὐ
320 2961 554 3042 συμπριαμένους
578 2963 756 3029 καταθέσθαι
780 2964 910 3028 ἐκέλευεν
935 2962 1042 3032 αὐτούς
1067 2960 1170 3036 effeci,
1194 2960 1239 3022 in·

143 3068 300 3154 tellegitnr
332 3071 479 3155 sitopolas
511 3072 624 3157 legem,
659 3096 719 3157 qua
747 3073 934 3138 iubebantur
956 3071 1051 3151 ὀβολῷ
1074 3070 1158 3148 μόνον
1182 3094 1239 3132 πω·

143 3187 201 3243 λεῖν
225 3181 391 3260 τιμιώτερον
416 3182 544 3247 elusisse
569 3184 619 3267 (cf.
642 3185 659 3268 b
685 3186 746 3267 12).
787 3183 951 3264 Quomodo
972 3188 1076 3246 autem
1093 3180 1130 3242 ad
1144 3179 1239 3262 Anyti

142 3292 368 3375 praescriptum
402 3316 566 3377 provocare
602 3295 760 3380 potuerint
793 3316 877 3359 nunc
907 3293 1000 3357 facile
1031 3289 1238 3373 intellegitur;

144 3409 282 3464 suaserat
318 3401 373 3465 ille
407 3406 626 3490 coarctaretur,
664 3413 701 3468 ut
735 3406 767 3468 in
795 3426 955 3468 commune
980 3408 1115 3466 emerent
1123 3427 1132 3477 ;
1157 3422 1240 3462 nnnc

143 3510 188 3573 illi
218 3510 310 3575 licere
342 3512 402 3577 sibi
435 3514 544 3579 dicunt
573 3516 641 3578 eius
676 3516 859 3580 auctoritate
891 3536 1026 3579 coemere
1052 3526 1082 3575 et
1106 3511 1240 3594 pretium

145 3623 289 3686 emtionis
314 3625 516 3703 constituere,
542 3625 652 3690 callide
676 3625 818 3690 vocabuli
842 3624 1076 3708 ambiguitatem
1098 3622 1129 3684 in
1148 3642 1241 3683 suum

144 3731 339 3796 commodum
363 3742 526 3800 vertentes.

184 3844 202 3926 b
228 3845 277 3907 13.
325 3845 376 3924 ἐφ’
398 3841 438 3918 οἷς
459 3847 488 3910 δὲ
508 3847 634 3918 θοθνοοτθς
658 3848 766 3932 [ἐστιν]
787 3851 803 3922 ἡ
821 3845 913 3927 ζνμθα
930 3845 979 3909 καὶ
995 3845 1095 3910 λαθεῖν
1110 3841 1238 3925 [αὐτοῖς]

143 3952 295 4033 συνέφερε,
321 3955 409 4020 ταῦτ’
432 3958 479 4021 ἐπ’
502 3959 597 4040 εὐνοία
620 3957 697 4038 Φασὶ
719 3967 756 4038 τῇ
778 3955 903 4038 θμετέρρι
926 3962 1145 4032 παρανομῆσαι.
1177 3948 1241 4012 No·

144 4067 207 4124 tata
235 4063 328 4127 verba
362 4066 467 4130 malim
498 4067 614 4132 abesse.
647 4107 691 4117 -
713 4065 929 4148 Ἀναρποέζουσι
954 4064 1089 4128 sectione
1117 4064 1175 4136 15,
1201 4059 1239 4122 de

146 4191 204 4253 quo
221 4172 314 4237 verbo
331 4176 405 4238 satis
421 4176 521 4240 multa
534 4176 697 4254 Reiskius,
716 4177 898 4261 simpliciter
914 4175 1086 4259 significare
1104 4170 1237 4234 videtur:

145 4279 306 4367 (debitum)
329 4284 419 4350 nobis
443 4287 649 4372 praeripiunt,
675 4287 712 4351 ab
733 4308 784 4351 ore
802 4287 929 4371 rapiunt
948 4284 998 4368 (cl.
1017 4281 1086 4346 Liv.
1107 4280 1151 4344 Π.
1173 4281 1237 4363 35).

188 4392 205 4476 t
231 4395 280 4456 16.
305 4392 379 4460 Non
396 4396 627 4463 sollicitandum
643 4419 785 4483 praesens
801 4398 1017 4476 aramancias,
1035 4391 1120 4477 quod
1137 4388 1238 4474 Mark-
