3074 5210
828 514 832 522 ·
846 476 908 536 138

337 670 461 736 verbum
485 673 609 759 aliquod
633 675 729 758 (velut
751 676 851 760 ipsum
875 677 953 740 illud
976 679 1154 762 άναλίσαειν)
1177 687 1230 742 aut
1254 677 1430 744 substanti·

334 805 405 846 vum
433 790 502 848 ante
529 785 568 856 είς
590 785 646 857 τοῖς
669 793 738 858 ναῦς
762 787 921 870 (ἐπιβάτας
945 797 998 852 aut
1021 789 1099 874 sim.)
1124 789 1272 854 desidero.

379 893 417 958 In
447 895 485 958 iis
512 917 590 979 quae
621 906 792 981 sequuntur
814 901 831 983 ᾧ
856 901 894 961 10
919 901 989 964 αλλ’
1008 897 1063 964 ίσοι
1087 898 1134 964 καί
1158 900 1198 964 τά
1222 904 1347 980 πατρῷα
1372 901 1426 966 καί

333 1002 368 1068 άν
398 1006 429 1069 τί
458 1008 540 1071 ποθεν
569 1008 701 1086 λάβοισιν
732 1012 771 1082 είς
793 1012 848 1082 τάς
873 1011 1033 1091 αἰσχίστας
1057 1011 1156 1088 ἡδονάς
1179 1011 1324 1089 είθιομθνοι
1349 1011 1426 1076 είσίν

331 1115 514 1190 άναλίσκειν,
546 1119 577 1182 in
609 1119 712 1184 codice
743 1119 840 1185 Palat.
864 1144 919 1207 pro
942 1121 1074 1198 λάβωσιν
1081 1171 1089 1204 ,
1115 1123 1198 1207 quod
1222 1147 1258 1187 ex
1280 1123 1424 1187 Lauren·

330 1227 414 1293 tiano
445 1237 596 1309 sumtum,
630 1240 675 1295 est
705 1235 746 1308 μη
773 1234 863 1300 δῶσιν.
909 1233 947 1298 lu
971 1242 1165 1301 ΜΗΔΩΟΙΝ
1189 1235 1264 1299 latet
1287 1236 1423 1299 fortasse

329 1340 526 1408 ΜΤΔΩΤΙΟ
549 1345 568 1407 i.
595 1367 620 1408 e.
644 1345 762 1426 μεταδῷ
784 1371 837 1419 τις.

372 1455 389 1537 p
414 1455 464 1518 13.
511 1454 601 1520 Pater
623 1478 709 1520 meus
733 1456 857 1522 Conone
880 1482 978 1523 meam
1001 1482 1132 1524 sororem
1159 1467 1281 1546 petente
1297 1459 1422 1532 ἐπείσθη
1523 1457 1524 1460 '

328 1562 421 1628 δοῦναι
447 1565 650 1651 (Νικοφήμῳ),
679 1570 730 1632 οὐκ
752 1570 828 1642 είδὼς
852 1571 904 1644 την
927 1569 1060 1648 ἐσομένην
1081 1571 1236 1649 διαβολήν,
1257 1573 1340 1636 άλλ’
1361 1568 1422 1634 ὅτε

327 1675 376 1740 καί
401 1677 478 1755 ὑμῶν
500 1677 624 1754 ίστιςοῦν
643 1679 679 1746 άν
698 1683 810 1753 ε’κείνοις
830 1681 932 1758 ἠξίωσε
951 1683 1090 1758 κηδεστάς
1111 1683 1253 1760 γενέσθαι.
1266 1721 1312 1730 ——
1325 1681 1421 1748 Ἀλλ’

326 1786 374 1852 ὅτε
398 1793 568 1858 emendatio
592 1803 638 1860 est
661 1795 787 1859 Sluiteri
810 1794 951 1859 omnibus
974 1818 1057 1860 nnnc
1081 1796 1222 1879 probata3
1247 1794 1300 1859 sed
1317 1818 1419 1879 quum

325 1902 514 1990 superiorum
543 1906 587 1971 vis
619 1907 747 1972 causalis
776 1909 876 1990 (quum
897 1929 954 1971 ιοοιο
977 1909 1115 1991 emisset)
1140 1914 1171 1970 et
1193 1906 1338 1970 iunctura
1363 1929 1418 1992 per

323 2017 395 2082 αλλ’
422 2017 470 2084 ὅτε
501 2031 661 2106 propterea
691 2021 792 2084 miuus
816 2027 888 2104 apta
910 2020 967 2096 sit,
992 2041 1053 2083 non
1079 2027 1154 2103 puto
1177 2019 1210 2082 in
1234 2041 1270 2082 ea
1292 2020 1418 2104 acquie-
1523 2087 1524 2090 ς

323 2131 477 2197 scendum.
512 2132 670 2196 Palatinus
688 2131 787 2203 άλλως
804 2157 857 2208 τε,
874 2130 958 2215 quod
974 2130 1064 2216 plane
1083 2130 1132 2194 hic
1149 2131 1262 2194 dicitur
1278 2139 1313 2194 ut
1332 2133 1414 2196 7..6;

322 2240 396 2308 θίστε
419 2250 478 2317 πῶς
502 2244 538 2310 θον
561 2245 675 2315 δικαίας
699 2245 767 2323 ὑπὲρ
790 2249 846 2308 τοῖν
868 2254 905 2324 τῇ
929 2243 1011 2308 πόλει
1035 2245 1234 2320 γεγενημένων
1258 2249 1416 2324 συμφορῶν

321 2356 378 2432 ἐγὼ
408 2357 463 2420 νυνί
495 2357 572 2432 δίκην
603 2357 717 2431 διδοίην;
750 2354 848 2427 άλλως
879 2380 913 2420 τε
943 2356 994 2418 καί
1024 2359 1107 2418 τοῦτο
1138 2354 1170 2418 τὸ
1193 2354 1294 2437 χωρίον
1317 2359 1349 2421 ἐν
1373 2357 1414 2436 τῷ

320 2469 437 2548 πολέμῳ
468 2469 601 2547 δημευθὲν
633 2467 750 2548 άερκτον
781 2465 813 2542 ἦν
844 2473 928 2530 πλεῖν
953 2466 969 2541 ἢ
992 2467 1058 2546 τοία
1081 2465 1142 2541 ἔτη.
1190 2468 1242 2529 28.
1269 2469 1303 2529 5:
1329 2464 1412 2544 οἶμαι

318 2579 342 2643 δ’
366 2579 462 2656 ἔγωγε
490 2581 606 2651 πάντας
630 2578 687 2663 (θον)
712 2579 789 2655 ὑμᾶς
812 2579 992 2654 ῖμολονῆσαι
1015 2615 1059 2626 -
1083 2577 1169 2642 οὐδέν’
1192 2576 1228 2642 άν
1253 2578 1332 2654 ὑμῶν
1349 2580 1412 2643 ἐπι·

317 2691 422 2772 τρέψαι
445 2693 501 2764 τάς
524 2698 593 2765 ναῦς
617 2695 718 2756 ἐκεῖνον
742 2690 839 2771 ἔχοντ’
862 2693 1039 2755 ἐκπλεῦσαι.
1064 2689 1162 2762 άλλως
1187 2715 1220 2754 τε
1243 2689 1292 2754 καί
1309 2691 1411 2763 ἐπειδη

317 2802 436 2884 τάχισθ’
467 2804 548 2877 ὑμεῖς
579 2804 764 2884 ἐψηφίσασθε
789 2802 830 2866 τά
852 2803 999 2882 χρήματα
1021 2801 1409 2882 aromaca-'Epomeus

318 2917 404 2993 ἔλεγε
426 2941 452 2980 κ.
475 2941 501 2981 τ.
525 2917 547 2979 ἑ.
571 2918 738 2998 (accedebat
758 2917 850 2997 quod,
874 2920 903 2978 ct
926 2916 1105 2998 praetereo).

361 3033 378 3116 p
404 3031 452 3093 18.
499 3029 593 3108 ἐκείνῳ
623 3028 677 3105 μὲν
708 3026 766 3106 γάρ
795 3020 832 3099 ἦν
855 3026 896 3089 τά
919 3025 1008 3088 αὑτοῦ
1032 3024 1186 3104 πράττειν,
1211 3028 1342 3102 „liceum
1363 3025 1408 3089 illi

316 3167 364 3208 res
380 3165 450 3206 suas
467 3141 587 3227 agere.''
621 3138 693 3204 Non
709 3140 767 3204 hoc
784 3138 950 3221 requiritur
958 3163 967 3215 3
988 3136 1040 3201 scd
1055 3140 1210 3222 placebat,
1226 3138 1407 3224 sufficiebat.

299 3255 456 3319 ,Fortasse
480 3251 512 3330 ἦν
534 3254 644 3317 litteris
668 3249 852 3336 quibusdam
876 3249 1011 3313 evanidis
1035 3249 1152 3313 exstitit
1176 3272 1212 3313 ex
1230 3250 1403 3330 ἬρεσκεΝ,

314 3389 369 3452 pro
401 3367 499 3445 ἤρεσκε
529 3365 652 3448 scripto.
699 3361 738 3424 In
769 3361 848 3424 hanc
872 3361 1077 3425 coniecturam
1100 3360 1258 3425 Dobreum
1281 3381 1405 3446 quoquc

314 3477 456 3542 incidisse
478 3475 577 3539 video.

357 3592 374 3675 p
399 3591 448 3652 15:
496 3585 645 3650 Versatur
668 3583 891 3668 argumentatio
915 3583 948 3646 in
971 3605 1024 3660 eo,
1049 3590 1084 3646 ut
1106 3592 1266 3668 appareat,
1285 3590 1402 3667 patrem

314 3701 397 3777 eius,
430 3700 484 3783 qui
513 3719 634 3762 causam
665 3695 757 3772 dicit,
789 3717 851 3758 non
875 3705 1000 3778 propter
1022 3693 1144 3757 divitias
1168 3694 1260 3758 filiam
1284 3695 1402 3758 Aristo·

313 3812 408 3898 phani
432 3811 594 3874 collocasse
603 3835 612 3886 3
636 3809 670 3872 in
693 3830 784 3892 quam
809 3813 925 3891 partem
942 3805 1017 3870 dicit
1032 3812 1134 3869 orator
1149 3813 1219 3891 post
1235 3807 1294 3870 alia
1309 3806 1399 3870 haec:

312 3927 368 3996 τοῖς
391 3924 481 3988 τοίνυν
505 3923 580 3999 ἐμάς
601 3919 737 4001 άδελφάς
761 3920 909 3984 ε’θελίνπιον
932 3923 1012 3982 πινῶν
1034 3918 1141 3995 λαβεῖν
1158 3917 1307 3999 άπροίκοος
1323 3917 1399 3983 πάνυ

313 4036 455 4101 πλουσίαν
464 4083 472 4116 ,
489 4036 539 4098 οὐκ
554 4033 654 4098 ἔδωκεν
665 4069 710 4079 -
718 4080 728 4109 ,
745 4031 829 4096 άλλά
844 4030 895 4104 την
911 4029 964 4106 μὲν
977 4029 1131 4110 Φιλομήλῳ
1142 4031 1182 4110 τῷ
1194 4038 1398 4104 Παιανιεῖψ,

313 4149 364 4222 τὴν
388 4147 417 4210 δὲ
440 4145 538 4220 πένητι
562 4143 748 4222 γεγενημένῳ
770 4145 801 4206 οὐ
825 4141 871 4206 διά
894 4141 1016 4222 κακίαν,
1041 4140 1188 4222 άδελφιδῷ
1211 4142 1244 4205 δὲ
1265 4142 1399 4218 Φαίδρῳ

313 4260 383 4324 θνπι
418 4257 672 4340 Μυρῤινονοίῳ,
710 4255 820 4326 ἐπιδοὺς
851 4253 1069 4334 τετταράκοντα
1099 4259 1194 4330 μνοῖς,
1226 4255 1285 4319 καί
1315 4254 1398 4332 Ἀρι-

314 4372 485 4450 οτοΦάνει
509 4369 546 4434 τὸ
569 4367 650 4432 ίσον.
697 4364 770 4429 Non
792 4364 914 4428 videtur
936 4363 974 4427 ad
997 4385 1130 4429 sororem
1154 4367 1298 4442 oratoris,
1323 4384 1397 4449 quae

313 4491 410 4570 nupta
430 4483 528 4548 fuerat
548 4478 765 4564 Aristophani,
789 4477 936 4560 respicere
959 4497 1047 4560 posse
1071 4484 1188 4556 oraton
1213 4479 1244 4542 in
1261 4499 1296 4541 ea
1311 4475 1397 4541 collo
