3128 5208
311 655 503 742 eloquentiae
524 655 585 718 sint
601 653 823 733 admovendae,
841 655 895 720 sed
912 656 1040 742 simplex
1057 656 1205 741 expositio
1218 656 1400 735 satisfaciat,

243 747 245 750 Ι
311 777 347 833 ut
375 767 588 832 assentiantur.

356 878 405 943 Ab
427 878 485 943 hac
507 900 609 942 rerum
633 880 681 962 (ut
696 877 740 942 ita
756 877 865 964 dicam)
890 879 1038 944 brevitate
1053 879 1220 965 Dionysius
1236 880 1404 964 distinguit

311 992 363 1065 την
381 990 599 1070 συστρέφουσαν
618 989 659 1053 τά
677 989 811 1064 νοήματα
829 989 879 1055 καὶ
898 991 1087 1070 στρογγύλως
1109 991 1284 1074 ἐκφέρουσαν
1302 988 1400 1067 λέξιν,

312 1100 425 1186 quibus
456 1099 555 1164 verbis
586 1099 623 1163 ad
651 1099 769 1185 periodi
791 1101 915 1185 respicit
938 1102 1170 1186 proprietatem,
1195 1124 1257 1186 qua
1280 1109 1402 1166 senten·

311 1214 371 1278 tiae
394 1212 426 1276 in
449 1211 539 1275 breve
562 1217 682 1274 coactae
706 1209 786 1274 nodo
810 1211 899 1294 quasi
922 1219 1155 1276 connectuntur.
1203 1211 1271 1276 Hoc
1295 1221 1398 1276 autem

312 1347 373 1410 quo
396 1323 462 1402 iure
484 1321 761 1386 Halicarnassensis
784 1322 893 1408 Lysiae
916 1323 1087 1403 adscribat,
1112 1324 1222 1389 viderit
1244 1325 1318 1408 ipse.
1357 1323 1400 1386 Ilt

311 1444 413 1501 tamen
436 1421 474 1498 de
495 1434 746 1519 interpretatione
770 1435 834 1499 eius
860 1437 1028 1500 sententiae
1052 1436 1186 1501 dubitari
1211 1458 1272 1499 non
1287 1441 1399 1519 potest.

311 1545 449 1610 Eandem
472 1545 551 1610 enim
576 1545 727 1630 significat
750 1545 913 1625 virtutem,
939 1569 1029 1631 quam
1054 1546 1258 1611 Demostheni
1281 1567 1401 1611 summo

311 1660 377 1723 iure
400 1656 494 1741 vulgo
518 1655 695 1720 adscribunt
726 1655 920 1736 (Δημοσθένης
944 1657 1045 1722 δὲκαὶ
1070 1657 1285 1746 ὑπερεβάλετο,
1309 1657 1330 1720 l.
1354 1655 1399 1740 1.).

312 1770 359 1834 De
389 1769 483 1833 Isocr.
516 1791 542 1832 c.
576 1769 613 1830 2:
636 1765 807 1847 στρογγύλη
838 1767 865 1831 δ’
887 1770 937 1833 οὐκ
959 1768 1036 1834 ἔστιν
1061 1769 1089 1852 (ἦ
1113 1767 1288 1847 Ἰσοκράτους
1311 1765 1401 1851 λέξις)

310 1880 404 1961 άστερ
423 1881 512 1956 ἐκείνη
534 1881 564 1964 (ἡ
584 1879 704 1962 Λυσίου)
726 1878 775 1942 καὶ
796 1879 1121 1960 συγκεκροτημένη.
1156 1879 1203 1944 lh.
1228 1901 1254 1943 c.
1281 1882 1319 1943 ll
1340 1878 1400 1964 Ly-

312 1994 386 2058 siam
410 1990 570 2079 praeponit
590 1991 721 2055 lacerati
736 1993 765 2056 έν
780 1993 821 2072 τῷ
837 1991 1007 2072 συστρέφειν
1022 1992 1063 2057 τά
1078 1991 1209 2068 ὀνόματα
1223 1989 1399 2076 (νοηματαέ)

310 2104 360 2169 καὶ
378 2103 567 2184 στρογγύλας
588 2100 725 2184 ἐκφέρειν.
756 2101 834 2168 Sana
855 2102 962 2187 Lysias
984 2126 1044 2167 non
1061 2103 1153 2168 habet
1170 2103 1291 2167 dulcem
1307 2111 1400 2186 atque

311 2216 467 2281 decoctam
499 2214 670 2279 ubertatem
702 2213 819 2298 periodi
847 2213 1032 2292 Isocratem,
1058 2237 1162 2280 verum
1186 2222 1230 2278 est
1254 2212 1400 2298 quiddam

310 2329 391 2392 inter
413 2325 531 2391 Tanain
554 2347 754 2410 socerumque
776 2325 895 2389 Viselli.
943 2325 1165 2391 Nondcnsam
1187 2335 1218 2392 et
1245 2325 1400 2391 astrictam

312 2440 474 2505 verborum
504 2438 597 2503 habet
619 2438 939 2523 comprehensionem,
963 2447 1124 2525 propterea
1146 2439 1229 2524 quod
1252 2438 1401 2502 Isocrates

312 2552 458 2638 prolixior
481 2557 535 2615 est.
571 2549 671 2614 Facile
695 2549 920 2634 intellegimus,
943 2550 1187 2636 Theophrastum
1211 2552 1244 2615 in
1264 2574 1300 2616 eo
1316 2574 1334 2614 a
1348 2549 1403 2613 Di·

313 2663 419 2749 onysio
442 2662 601 2726 dissentire
623 2661 776 2747 potuisse,
798 2683 894 2746 quum
914 2685 969 2726 suo
981 2663 1048 2727 iure
1064 2663 1323 2750 Thrasymachum
1340 2661 1403 2746 (an-

311 2775 475 2859 tiquiorem
499 2773 675 2857 ceteroquin
699 2795 791 2858 quam
813 2771 920 2858 Lysias
943 2778 1001 2857 est)
1020 2781 1191 2840 structurae
1207 2773 1400 2860 periodorum

311 2892 483 2952 contractae
506 2885 694 2950 inventorem
718 2883 902 2969 praedicaret
912 2913 921 2963 ;
946 2887 983 2951 cf.
1008 2885 1045 2950 de
1068 2885 1139 2972 Lys.
1156 2888 1193 2964 6,
1209 2885 1248 2950 de
1263 2884 1351 2949 Dem.
1369 2884 1399 2947 3.

312 2996 378 3063 Nec
402 3019 473 3061 vero
495 2995 603 3082 Lysias
626 2995 742 3080 ubique
765 2994 864 3061 brevis
888 3004 943 3062 cst.
980 2996 1059 3061 Vide
1082 2997 1166 3062 hunc
1188 2997 1291 3060 locum
1314 2992 1402 3059 eNi-

312 3108 474 3175 comachea
495 3109 511 3194 t
533 3110 592 3171 21:
609 3109 637 3172 ἕν
657 3107 729 3173 δυοῖν
747 3107 801 3184 μέν
820 3109 893 3174 ἐτοῖν
912 3109 1003 3174 τλείοι
1022 3109 1073 3184 ἤδη
1093 3114 1144 3174 τοῦ
1163 3107 1270 3181 δέοντος
1289 3106 1398 3171 δώδεκα

311 3219 437 3287 τάλαντ’
459 3221 608 3296 άνάλωσε,
632 3220 701 3299 παρ’
726 3215 848 3286 ἕκαστον
871 3220 900 3285 δὲ
922 3221 998 3306 [τὸν]
1019 3220 1144 3286 ἐνιαυτὸν
1164 3219 1351 3300 ἐπεχείρησεν
1367 3214 1400 3293 ἓξ

312 3333 468 3404 ταλάντοις
497 3333 548 3406 την
579 3332 661 3396 πάλιν
692 3330 843 3412 ζημιῶσαι.
887 3331 933 3396 cf.
962 3333 1051 3396 etiam
1076 3331 1115 3395 ad
1140 3333 1191 3396 13.
1218 3334 1257 3394 19
1282 3327 1312 3395 et
1337 3331 1398 3407 63,

313 3453 344 3510 et
375 3444 413 3509 ad
443 3447 495 3508 28.
527 3445 577 3507 16.
625 3441 760 3508 Omnino
783 3459 984 3528 quaecunque
1007 3442 1193 3529 praestantia
1215 3448 1334 3528 poterat
1356 3441 1401 3506 in-

313 3555 430 3632 venire,
456 3554 587 3618 casatis
611 3552 777 3618 liberaliter
800 3553 909 3639 Lysiae
932 3549 1241 3639 Rhetcr'adscripsit.

356 3665 497 3731 Percurri
519 3665 668 3730 iudicium
693 3665 822 3750 Dionysi
830 3691 840 3744 ;
860 3688 961 3750 neque
978 3667 1058 3731 enim
1074 3666 1112 3730 de
1127 3667 1261 3752 puritate
1277 3665 1401 3749 linguae

313 3785 343 3842 et
367 3776 539 3841 sinceritate
563 3775 703 3840 cramben
727 3787 878 3840 recoctam
902 3799 1055 3863 apponere
1077 3777 1187 3863 placet.
1234 3775 1400 3863 Splendida

311 3889 365 3953 illo
389 3888 538 3952 virtutum
562 3887 723 3971 praeconio
747 3887 862 3952 factum
886 3895 950 3966 est,
974 3898 1010 3953 ut
1035 3912 1122 3954 suam
1138 3890 1197 3974 ipsi
1218 3889 1398 3954 sententiam

311 4000 349 4065 de
379 3998 488 4085 Lysiae
517 3999 633 4064 meritis
656 4021 718 4063 uon
745 4001 985 4085 pronunciarent
1014 4001 1145 4066 editores
1169 4009 1199 4066 et
1222 4001 1396 4086 opinionem

312 4111 350 4176 da
381 4111 565 4196 praestantia
587 4111 792 4196 susciperent,
818 4113 868 4177 cui
891 4114 1006 4178 multae
1030 4112 1295 4190 exorationibus,
1320 4135 1397 4199 quae

312 4221 464 4306 hodieque
488 4228 620 4300 exstant,
645 4243 753 4316 parum
763 4223 968 4307 respondent.
1004 4223 1077 4289 Non
1095 4232 1216 4290 tantum
1235 4249 1271 4290 ex
1286 4225 1399 4291 tradita

312 4332 444 4417 quadam
467 4334 609 4418 opinione
632 4333 736 4398 rh‘ator
750 4332 859 4418 Lysiae
881 4335 1008 4400 virtutes
1036 4339 1245 4422 exaggeravit3
1263 4337 1316 4402 sed
1332 4338 1397 4402 eius

311 4444 378 4515 lana
409 4445 519 4538 partim
544 4446 633 4546 etiam
665 4445 736 4509 inde
767 4453 813 4510 est
843 4446 1038 4532 explicanda,
1065 4448 1147 4533 quod
1170 4450 1268 4516 multo
1292 4450 1396 4536 plnres
