3126 5210
686 441 750 504 209

165 647 198 704 ct
222 638 382 724 prudentis
405 638 536 701 oratoris
558 661 621 702 non
645 645 692 702 est
715 659 897 724 exaggerare
920 659 985 713 res,
1009 659 1087 720 quae
1110 637 1200 700 facile
1223 636 1261 702 ab

166 749 340 813 adversario
369 750 514 834 redargui
542 757 681 836 possunt.
729 750 788 814 Sed
812 773 904 834 quam
929 750 1071 814 credulus
1095 751 1188 814 fucrit
1212 772 1263 834 po·

167 859 266 944 pallus
290 861 432 938 Atticus,
458 881 551 942 quam
574 859 653 924 nihil
676 883 738 924 non
762 861 949 945 probaverit,
975 860 1058 945 quod
1082 861 1175 925 semel
1198 883 1264 924 sus·

168 977 275 1053 ceptae
306 969 446 1054 opinioni
477 969 514 1032 de
544 969 635 1055 culpa
663 970 794 1046 faveret,
822 992 885 1034 non
915 992 977 1034 uno
1010 970 1078 1034 loco
1108 970 1261 1035 docemur.

168 1078 285 1163 Lepide
325 1078 546 1164 Aristophanes
585 1079 617 1143 in
657 1078 905 1144 Acharnensibus
946 1102 1012 1144 eam
1051 1080 1263 1144 credulitatem

169 1188 344 1272 sugillavit,
375 1188 525 1254 inducens
557 1189 675 1272 lagatos
707 1187 798 1273 Regis
829 1189 862 1252 in
893 1190 1067 1254 contionem
1096 1189 1262 1267 admissos,

170 1301 224 1383 qui
254 1322 272 1363 a
297 1300 387 1363 nullo
410 1298 637 1383 intelleguntur
659 1299 713 1362 sed
735 1305 839 1364 tamen
862 1298 953 1364 fidem
976 1300 1153 1376 inveniunt,
1179 1297 1262 1382 quod

171 1431 311 1493 magnam
345 1409 505 1494 pecuniam
537 1431 555 1472 a
584 1407 668 1492 Rege
698 1407 806 1472 offerre
836 1408 983 1473 dicuutur
1012 1410 1086 1490 (98,
1110 1411 1207 1492 squ),
1233 1417 1263 1472 et

168 1520 201 1582 in
232 1518 339 1582 eadem
369 1518 476 1584 fabula
504 1519 593 1602 (635)
616 1518 768 1603 gloriatur
792 1525 900 1602 poeta,
924 1518 1008 1602 quod
1030 1519 1062 1584 in
1086 1521 1263 1600 Bcbyhmiis

169 1628 374 1693 Athenienses
397 1628 508 1694 lucore
531 1627 663 1704 ξενικοῖσι
685 1629 784 1705 λόγοις
808 1629 850 1704 μὴ
873 1628 941 1692 alca
961 1627 1180 1704 ἐξαπατᾶσθαι.
1205 1626 1263 1690 Ve-

168 1761 237 1804 rum
259 1739 353 1803 nimis
377 1737 430 1802 ille
453 1737 512 1801 hoo
536 1737 649 1822 gaudio
674 1736 857 1802 exsultabat.
903 1735 989 1802 Nota
1012 1744 1084 1802 sunt
1103 1759 1181 1822 quae
1194 1745 1263 1820 post

169 1850 202 1912 in
233 1847 527 1932 Hermacopidarum
557 1847 672 1910 iudicio
705 1846 785 1910 lacta
814 1854 903 1924 sunt;
928 1853 1057 1912 testatus
1081 1852 1128 1910 est
1151 1845 1263 1928 aliquis

169 1982 201 2023 se
224 1960 263 2024 ad
287 1961 388 2024 lucem
411 1935 503 2021 limae
525 1957 634 2021 noxios
659 1957 806 2040 quosdam
831 1957 1024 2041 cogitavisse,
1049 1978 1145 2039 quum
1170 1955 1262 2041 paulo

169 2078 239 2154 post
262 2077 423 2156 appareret
445 2068 500 2132 illa
522 2075 612 2132 nocte
635 2089 744 2132 novam
769 2068 863 2132 hrisse
886 2068 992 2132 lunam
1009 2067 1103 2150 (Plut.
1121 2067 1188 2131 Alc.
1203 2070 1264 2144 203

169 2181 208 2245 cf.
231 2188 335 2245 tamen
360 2179 456 2242 Grote
480 2177 555 2240 VII.
583 2180 667 2262 199).
713 2176 751 2241 In
779 2177 895 2241 iudicio
918 2177 1049 2256 ducum,
1074 2179 1130 2262 qui
1154 2177 1193 2241 ad
1209 2181 1264 2242 Ar·

169 2292 294 2375 pausas
326 2291 478 2365 vicerant,
511 2288 625 2372 prodiit
653 2289 707 2371 qui
731 2311 762 2352 sa
786 2289 818 2352 in
841 2289 928 2353 larris
952 2288 1035 2352 dolio
1059 2296 1196 2352 enatasse
1219 2289 1263 2353 di·

169 2410 265 2479 ceret,
290 2400 472 2464 fortissimos
496 2403 600 2462 autem
624 2396 753 2473 milites,
778 2398 832 2480 qui
856 2398 946 2460 mersi
969 2405 1087 2476 essent,
1104 2398 1163 2462 sibi
1178 2421 1262 2463 man-

169 2510 256 2574 dasse
283 2511 433 2576 ultionem
457 2507 550 2592 (Xan.
575 2507 658 2572 Hell.
682 2507 709 2572 I.
736 2509 764 2572 7.
792 2509 854 2591 11).
889 2508 1001 2573 Pulcra
1023 2508 1169 2574 nimirum
1192 2531 1262 2574 con·

169 2621 330 2686 fabulandi
353 2620 577 2704 opportunitas,
599 2641 615 2682 6
635 2618 717 2682 dolio
736 2618 837 2682 medio
857 2619 950 2683 maril
980 2619 1067 2684 Talia
1082 2620 1261 2700 audientes,

169 2731 244 2815 quid
262 2731 409 2794 miramur
424 2728 586 2793 fallacibus
606 2730 793 2812 argumentis
811 2739 842 2793 ct
857 2730 965 2794 fraude
981 2733 1118 2796 contioni
1130 2739 1264 2796 oratores

170 2843 326 2926 imponere
350 2837 511 2924 potuisse?

215 2951 321 3031 Quum
346 2950 443 3034 igitur
466 2971 503 3012 ex
526 2947 634 3012 multis
659 2954 804 3031 appareat
826 2948 939 3012 mirum
962 2956 1113 3032 quantum
1137 2975 1262 3037 exagge-

170 3084 251 3126 rasse
281 3062 362 3124 facta
389 3067 557 3135 oratorem,
584 3081 623 3122 ne
648 3057 749 3122 dicam
773 3059 938 3123 mentitum
961 3082 1043 3137 esse,
1068 3084 1129 3125 non
1157 3065 1264 3145 quovis

171 3172 269 3256 pretio
300 3169 485 3235 contendere
516 3169 614 3232 ausim
646 3190 712 3232 non
744 3190 806 3232 una
835 3191 904 3232 cum
928 3169 1054 3252 reliquis
1077 3173 1265 3236 nomothetis

171 3283 203 3345 in
229 3289 367 3366 tempore
391 3302 504 3344 munus
527 3278 710 3363 impositum
735 3279 894 3362 perfecisse
917 3277 1151 3343 Nicomachum.
1186 3281 1266 3345 Beli·

172 3413 248 3474 quos
280 3391 306 3454 si
338 3398 459 3455 constat
484 3389 592 3454 fecisse
625 3389 678 3472 (cf.
704 3389 823 3453 Andoc.
848 3389 869 3453 l.
893 3390 946 3473 l.),
970 3411 1033 3454 non
1056 3390 1264 3474 intellegitur,

171 3521 263 3582 quare
287 3500 339 3563 ille
362 3500 447 3563 solus
471 3521 508 3562 ex
532 3520 567 3561 6ο
591 3520 719 3562 numero
743 3505 881 3562 exemtus
905 3498 1030 3576 fuisset3
1055 3500 1113 3564 toti
1136 3510 1266 3566 extraor-

172 3609 291 3673 dinario
315 3610 404 3694 quasi
427 3607 557 3691 collegio
582 3603 741 3692 provincia
764 3608 908 3672 mandata
931 3615 1012 3686 erat,
1029 3632 1107 3693 quae
1123 3633 1185 3675 non
1202 3620 1267 3675 erat

173 3719 322 3803 perlecta,
356 3719 382 3782 si
413 3740 494 3782 unus
526 3718 655 3801 quidam
678 3739 715 3782 ex
739 3719 829 3782 sociis
852 3718 972 3802 legibus
996 3719 1212 3802 conquirendis
1236 3728 1267 3784 et

172 3828 376 3916 rescribendis
400 3828 491 3892 etiam
516 3835 583 3891 tum
608 3836 822 3911 occuparetur.
870 3829 986 3893 Munus
1010 3831 1036 3894 si
1059 3831 1139 3895 inter
1155 3854 1186 3894 se
1202 3855 1268 3916 par-

173 3940 222 4002 titi
246 3946 320 4003 sunt
341 3976 387 3987 -
411 3937 494 4021 quod
518 3939 691 4022 suspicatur
716 3938 923 4002 Hoelscherus
946 3976 991 3988 -
1013 3940 1092 4003 nihil
1112 3940 1186 4004 haec
1202 3963 1268 4025 par-

173 4049 242 4112 titio
267 4048 305 4112 ad
329 4047 478 4133 populum
502 4048 684 4130 pertinebat.
730 4048 843 4132 Itaque
866 4048 1003 4112 dubitari
1026 4049 1115 4127 licet,
1142 4072 1179 4114 an
1197 4058 1267 4134 post

175 4158 420 4222 nomothetarum
454 4179 566 4220 munus
596 4157 763 4241 perlectum
795 4155 1002 4223 Nicomachus
1033 4182 1065 4223 se
1098 4181 1151 4243 pro
1176 4158 1268 4242 magi·

175 4274 273 4331 stratu
305 4291 367 4331 non
399 4267 527 4350 gesserit
534 4292 543 4343 3
576 4287 708 4348 namque
732 4266 831 4350 legeS,
857 4291 932 4352 quas
957 4268 1009 4332 ille
1034 4276 1139 4353 postea
1163 4291 1179 4331 6
1203 4268 1266 4330 situ

177 4377 390 4462 protrahebat,
423 4396 484 4438 non
514 4374 638 4459 publica
666 4376 848 4440 auctoritate
872 4378 925 4441 sed
949 4401 985 4440 ex
1009 4379 1155 4462 religione
1180 4378 1270 4440 sacri-

1111 4493 1150 4550 14
