3074 5210
839 473 899 534 130

323 672 469 756 pecuniae
500 659 575 736 clam
607 679 676 736 ante
707 671 786 735 bona
809 670 965 755 publicata
988 677 1155 756 surreptae.
1204 672 1304 756 Igitur
1327 673 1414 758 quod

322 782 372 846 hic
395 784 521 847 haberet
544 783 668 868 publica
692 783 788 859 bona,
813 783 879 845 eius
902 803 949 845 res
966 781 1123 845 familiaris
1139 783 1211 846 fisco
1227 784 1413 847 vindicatur.

322 894 368 958 Ea
390 916 481 959 causa
504 917 585 958 nunc
610 896 728 978 agitnr3
754 894 829 957 dicit
851 893 933 957 filius
958 895 1109 972 aecusati3
1133 895 1198 979 ipse
1223 896 1303 958 eni-m
1327 918 1416 960 socer

322 1013 392 1070 ante
415 1005 564 1070 iudicium
588 1005 757 1070 decesserat
780 1007 807 1090 (b
831 1007 894 1088 62).

366 1120 598 1186 Ostendendum
629 1123 724 1206 igitur
755 1110 818 1184 erat
846 1127 876 1184 et
900 1120 1137 1204 Aristophanem
1160 1142 1222 1185 nou
1247 1120 1335 1205 plura
1361 1121 1414 1184 ha·

321 1237 438 1315 buisse,
471 1261 562 1322 quam
594 1236 675 1322 apud
707 1259 775 1300 eum
806 1237 964 1301 inventum
996 1243 1026 1299 et
1049 1236 1082 1300 in
1106 1236 1256 1300 aerarium
1278 1236 1413 1300 relatum

322 1360 417 1430 esset,
442 1359 487 1431 et,
512 1353 537 1415 si
561 1351 608 1416 vel
630 1352 760 1418 maxime
783 1350 873 1436 plura
896 1350 1068 1428 habuisset,
1094 1348 1155 1414 no'n
1172 1349 1329 1435 probabile
1346 1373 1413 1414 esse

322 1467 396 1531 haec
420 1490 523 1532 socero
547 1467 584 1532 ab
609 1490 643 1533 eo
667 1468 782 1532 eredita
805 1468 908 1531 fuisse.

365 1583 466 1667 Igitur
495 1583 570 1646 haee
601 1582 742 1667 deinceps
775 1587 980 1668 exponuntur.
1028 1581 1166 1645 Primum
1191 1581 1272 1645 enim
1298 1588 1413 1645 sortem

320 1721 406 1762 suam
437 1699 575 1783 iniquam
605 1698 782 1794 miseratur,
816 1698 898 1781 quod
930 1719 1014 1760 soror
1045 1696 1274 1780 (Aristophanis
1305 1695 1412 1779 vidua)

321 1832 391 1874 cum
421 1810 524 1873 liberis
554 1811 614 1874 iam
646 1809 702 1873 sibi
735 1808 843 1872 alenda
870 1810 910 1872 sit
934 1831 968 1871 eo
992 1816 1128 1892 tempore
1152 1829 1212 1892 quo
1236 1806 1411 1870 haereditas

319 1926 413 2010 patris
444 1925 477 1989 in
508 1925 671 1990 discrimen
700 1925 803 1988 veniat
835 1927 891 2006 (-
912 1925 929 2007 b
954 1926 1019 2008 11).
1066 1922 1145 1986 Tum
1170 1922 1410 2006 Aristophanem

320 2038 446 2121 eiusque
476 2045 592 2122 patrem
626 2036 853 2122 Nicophemum
885 2059 947 2100 non
986 2035 1096 2100 divites
1132 2035 1226 2099 fuisse
1257 2034 1410 2111 ostendit,

320 2171 375 2213 nec
399 2157 515 2233 patrem
539 2171 628 2212 suurn
653 2156 776 2234 propter
798 2147 919 2210 divitias
935 2147 1014 2210 hanc
1031 2145 1207 2210 affinitatem
1224 2145 1411 2229 quaesivisse

319 2261 374 2343 (-
400 2261 417 2344 b
442 2262 507 2342 17).
553 2258 626 2323 Non
649 2281 775 2344 magna,
799 2259 918 2342 inquit,
943 2266 1049 2342 postea
1071 2257 1262 2321 familiaritas
1283 2256 1411 2319 interce-

321 2371 412 2435 debat
436 2372 515 2434 inter
538 2372 775 2456 Aristophanem
798 2380 829 2434 et
852 2371 917 2434 eius
938 2392 1075 2434 socerum
1098 2371 1411 2454 (§18);actantnm

319 2483 423 2548 aberat
445 2492 482 2546 ut
505 2505 607 2547 socero
628 2507 663 2548 ex
684 2484 746 2547 suis
767 2482 854 2546 bonis
872 2481 988 2567 aliquid
1008 2481 1229 2557 committeret,
1247 2485 1283 2542 ut
1303 2485 1410 2543 contra

319 2593 355 2657 ab
387 2595 444 2658 hoo
476 2594 641 2680 aliquando
672 2602 812 2658 mutuam
843 2593 985 2656 sumserit
1016 2591 1192 2677 pecuniam
1207 2592 1262 2673 (-
1293 2590 1310 2672 b
1343 2590 1407 2671 24).

319 2706 538 2790 Aristophanes
569 2706 602 2768 in
633 2702 776 2790 Cypriam
807 2702 1029 2789 expeditionem
1057 2703 1159 2766 omnia
1182 2701 1344 2778 insumsit,
1370 2720 1407 2762 ex

318 2838 378 2900 qua
400 2817 495 2881 redux
520 2815 682 2879 damnatus
707 2822 753 2878 est
777 2816 833 2899 (-
858 2816 923 2898 27).
965 2812 1199 2898 Comparatione
1222 2833 1292 2874 cnm
1311 2809 1412 2874 Ocno·

317 2928 366 2991 nis
397 2928 484 2992 bonis
512 2927 655 2990 instituta
686 2926 859 2990 ostenditur
887 2947 948 2989 non
979 2923 1179 3009 improbabile
1204 2945 1268 2986 esse
1291 2923 1409 2985 Aristo

318 3039 449 3125 phanem
472 3061 533 3102 non
557 3038 647 3122 plura
668 3037 812 3102 habuisse
836 3039 891 3121 (-
906 3038 922 3121 b
938 3039 1002 3121 44).
1038 3035 1064 3098 Ε
1095 3034 1215 3119 saepius
1232 3041 1409 3098 erraverunt

317 3151 349 3214 in
370 3151 579 3214 aestimatione
604 3148 753 3213 bonorum
781 3147 984 3212 Athenienses
1009 3148 1064 3229 (-
1088 3147 1151 3229 52).
1187 3144 1261 3208 Post
1285 3143 1408 3208 brevem

317 3270 567 3346 argumentorum
600 3262 812 3346 repetitionem
847 3261 911 3343 (55)
948 3259 1062 3322 desinit
1093 3259 1126 3321 in
1156 3256 1250 3340 patris
1283 3253 1408 3337 suisque

315 3373 452 3437 moribus
476 3379 506 3436 et
529 3373 645 3436 meritis
668 3373 701 3435 in
724 3371 945 3456 rempublicam
970 3368 1227 3434 commendandis.

360 3484 474 3548 Misera
503 3494 567 3547 erat
597 3484 785 3548 iudiciorum
817 3483 895 3546 ratio
927 3503 962 3545 eo
994 3487 1146 3565 tempore,
1178 3477 1261 3563 quod
1292 3475 1406 3540 bellum

315 3593 610 3680 Peloponnesiacum
632 3594 769 3678 proxime
794 3598 934 3656 secutum
958 3598 1021 3668 est,
1046 3612 1142 3673 quum
1166 3613 1220 3674 per
1243 3590 1287 3653 fas
1312 3596 1342 3652 et
1358 3607 1407 3651 ne·

315 3706 359 3770 fas
388 3707 536 3770 exhausto
567 3705 681 3769 aerario
713 3704 875 3768 subvenire
899 3708 1085 3766 conarentur
1108 3693 1321 3765 Athenienses.
1358 3695 1404 3760 Gi.

315 3817 435 3883 Nicom.
457 3820 522 3902 (30)
548 3820 604 3880 22:
629 3817 706 3888 εἰδὼς
729 3813 771 3881 ὅτι
795 3819 812 3892 ἡ
834 3815 928 3893 βουλὴ
952 3817 969 3890 ἡ
992 3816 1037 3878 alsi
1059 3814 1253 3892 βουλεύοντα,
1268 3811 1338 3878 ὅταν
1353 3810 1405 3888 μὲν

314 3933 371 4013 ἔχιν
393 3931 480 3995 ἱκανοὶ
503 3931 650 4009 χρήματα
673 3931 713 4001 εἷς
736 3929 883 4002 διοίκησιν,
908 3926 983 3991 οὐδὲν
1004 3924 1219 4006 ἐξαμαρτάνει,
1237 3922 1306 3988 ὅταν
1326 3923 1350 3986 δ’
1367 3922 1405 3991 εἷο

314 4043 435 4122 οξτορίαν
455 4051 610 4123 καταστῇ,
631 4038 837 4121 ἀναγκάζεται
854 4037 1045 4115 εἰςοιγρελίοιρ
1063 4037 1198 4118 δέχεσθαι
1215 4036 1263 4101 καὶ
1277 4034 1404 4111 δημεύειν

313 4153 355 4218 τὰ
383 4157 439 4216 τῶν
470 4157 594 4216 πολιτῶν
624 4150 674 4215 καὶ
706 4157 761 4215 τῶν
793 4149 909 4230 ῥητόρων
932 4155 989 4220 τοῖς
1016 4148 1056 4212 τα
1080 4148 1263 4228 πονηρότατα
1285 4146 1399 4222 λέγουσι

313 4262 466 4328 πείθεσθαι.
514 4261 552 4326 In
584 4284 675 4326 causa
697 4261 841 4325 Eratonis
866 4261 933 4342 (17)
958 4281 1010 4336 ea,
1036 4280 1113 4342 quae
1138 4259 1263 4343 publico
1290 4254 1402 4320 iudicio

313 4376 433 4439 fuerant
465 4372 659 4451 adiudicata‚
692 4380 798 4458 postea
820 4393 927 4436 rursus
953 4368 1058 4434 eadem
1083 4371 1263 4435 auctoritate
1287 4365 1400 4434 abiudi-

312 4493 421 4550 cantur
450 4493 486 4550 ut
519 4483 634 4549 aerario
657 4482 775 4547 cedant.
821 4482 861 4546 In
883 4482 941 4544 hac
964 4482 1031 4565 ipsa
1054 4483 1192 4546 oratione
1214 4485 1231 4568 b
1256 4485 1314 4560 11,
1338 4500 1396 4560 χα·
