3126 5210
848 443 909 505 178

332 639 543 726 praetermisit.
590 639 637 702 De
666 637 817 719 όφεόλετοι
841 637 865 698 δ’
889 639 987 709 οὐτοῖς
1011 637 1049 700 cf.
1075 636 1112 700 ad
1135 639 1186 700 13.
1205 639 1257 700 63.
1276 674 1323 685 ·-
1343 636 1420 700 Tum

329 749 495 832 legendum
522 747 578 818 τὰς
608 746 671 827 περὶ
703 744 810 811 τούτων
832 746 917 810 οποδ.
941 767 1027 823 „nou
1051 746 1137 810 vobis
1161 745 1288 830 dignum
1315 753 1362 809 est
1384 746 1421 808 de

330 858 401 935 „his
433 858 501 942 [qui
532 864 602 920 unte
631 855 776 941 descripti
808 863 881 919 sunt
912 855 1011 920 verbis
1041 853 1098 920 όοοι
1122 893 1167 904 --
1191 857 1419 939 πεπραγμένων]

328 967 519 1045 „calumnias
542 965 677 1029 audire.”
723 963 806 1028 Male
828 965 931 1028 vincta
955 972 1001 1028 est
1023 965 1121 1028 oratlo
1146 965 1206 1027 nisi
1229 961 1286 1030 ότοι
1312 965 1419 1041 habet,

328 1099 390 1160 quo
420 1077 577 1140 referatur.
624 1074 848 1159 compendium
883 1074 1117 1160 praepositionis
1152 1074 1218 1154 περί
1250 1076 1290 1157 (Π
1328 1095 1420 1158 supra

328 1187 442 1271 scripto
465 1189 492 1268 ε)
516 1193 586 1249 ante
608 1193 638 1249 T
661 1183 807 1248 excidisse
830 1183 961 1248 videtur.
1008 1183 1234 1263 ’Τποδέχεσόοι,
1253 1181 1337 1267 quod
1353 1181 1418 1246 Pal.

327 1296 421 1360 habet
442 1296 583 1381 ineptum
604 1317 685 1372 esse,
711 1316 816 1358 omncs
839 1293 993 1356 viderunt.

372 1407 389 1488 p
414 1406 464 1468 13.
504 1403 607 1468 κοίτοι.
630 1402 787 1467 Dobreus:
809 1423 1017 1485 „quamquam
1042 1396 1109 1464 lmo
1132 1400 1193 1464 κοί.
1209 1437 1254 1448 -
1277 1397 1352 1464 Νοτι
1366 1422 1419 1484 op·

328 1514 464 1598 „positio
471 1562 480 1591 ,
505 1512 558 1576 sed
581 1511 804 1576 continuatio.”
831 1511 905 1575 Non
922 1511 1079 1574 assentior.
1112 1509 1231 1587 Multa,
1249 1510 1367 1594 inquit,
1384 1511 1417 1573 in

329 1624 484 1688 civitatem
507 1623 625 1686 contuli
648 1621 803 1686 beneficia.
835 1620 877 1684 Et
899 1628 1001 1684 tamen
1025 1622 1061 1703 (s.
1086 1627 1118 1683 at
1133 1623 1215 1704 vero)
1230 1620 1290 1683 hoc
1306 1619 1364 1682 feci
1380 1627 1415 1682 ut

325 1731 449 1796 meliore
472 1733 540 1796 loco
564 1731 645 1816 apud
669 1755 722 1794 vos
746 1753 858 1808 essem,
881 1752 943 1793 non
961 1729 1129 1815 praesentis
1146 1727 1345 1792 emolumenti
1362 1735 1416 1791 aut

326 1842 450 1906 honoris
474 1865 573 1906 causa.
621 1841 756 1906 Similem
778 1841 1011 1926 explicationem
1026 1839 1118 1904 habet
1133 1838 1214 1903 idem
1232 1836 1413 1901 vocabulum

324 1953 341 2034 ξ
367 1953 407 2014 14
431 1951 488 2016 snb
511 1952 581 2015 fin:
604 1951 767 2016 adversarii
782 1973 845 2014 non
862 1949 1048 2014 contendent
1064 1971 1111 2014 mc
1128 1947 1185 2012 sub
1201 1948 1330 2032 triginta
1343 1947 1412 2010 viris
1446 1936 1449 1943 ’

325 2082 450 2124 munere
473 2061 614 2125 functum
623 2087 632 2139 ;
656 2068 685 2125 et
707 2068 804 2126 tumen
827 2082 862 2124 eo
879 2059 1057 2123 fatebuntur
1073 2081 1121 2122 mc
1137 2058 1252 2121 honore
1268 2055 1411 2140 dignum,

326 2191 357 2231 se
386 2170 547 2234 mendaces
580 2193 655 2235 esse.
703 2169 750 2234 cf.
783 2171 873 2234 etiarn
898 2172 915 2253 p
941 2171 980 2232 16
1004 2169 1097 2233 κοίτοι
1121 2170 1145 2234 εἰ
1168 2174 1237 2238 τοῖς.
1267 2166 1306 2231 In
1329 2189 1414 2252 supe-

326 2279 457 2343 rioribus
493 2301 603 2362 sequor
632 2278 851 2343 Marklandum
887 2301 956 2342 curn
986 2276 1145 2354 Scheibi03
1177 2283 1248 2360 post
1273 2274 1339 2340 οὔτε
1362 2283 1414 2340 τῶν

324 2389 512 2468 τετρακοσίων
543 2389 683 2467 ἐνενόμνν
706 2388 900 2472 abrumpitur
928 2387 1026 2450 oratio
1049 2395 1104 2470 per
1126 2385 1412 2468 interrogationem:

323 2505 390 2561 tum
422 2520 477 2582 pro
509 2499 603 2563 altero
631 2499 696 2564 οὔτε
726 2505 846 2562 mutata
874 2505 1045 2562 structura:
1075 2499 1106 2560 οὐ
1130 2497 1221 2561 τοόννν
1240 2493 1296 2560 οὐδ’
1317 2494 1412 2567 ἐπειδὴ

324 2611 347 2673 οἱ
367 2609 522 2686 τριόκοντο
541 2609 608 2692 (pro
625 2619 722 2674 ΟΙΔΕ
740 2609 763 2672 i.
788 2630 814 2672 e.
840 2609 931 2684 OIA',
956 2610 979 2671 οἱ
1003 2607 1043 2690 λ’)
1063 2607 1271 2686 ’κοτέοτντον,
1293 2629 1321 2668 κ.
1341 2629 1369 2667 τ.
1389 2604 1410 2668 ἓ.

368 2719 385 2800 ᾧ
410 2721 460 2780 19.
508 2717 568 2781 ἔνιοι
592 2717 617 2780 δ’
639 2717 687 2780 ε’πδ
710 2717 776 2789 τοῖο
793 2717 937 2795 ὑμετέροις
961 2713 1147 2794 ἐδωροδόκουν.
1182 2712 1325 2776 Dobreus
1346 2734 1413 2774 con·

324 2825 398 2889 tulit
422 2828 475 2889 29.
502 2828 560 2888 11:
594 2828 750 2907 Ἐργοκλεῖ
777 2825 906 2896 συνειδὼς
937 2823 1091 2888 κλέπτοντι
1119 2823 1169 2887 κοδ
1192 2821 1239 2886 ἐπὶ
1261 2828 1321 2892 τοῖς
1345 2822 1412 2898 ὑμε-

325 2935 412 3015 τέροις
434 2935 637 3015 δωροδοκοῦντι.
670 2934 774 3014 Quare
797 2942 896 3006 κοκοῖς
918 2956 981 2998 non
1006 2932 1180 2997 addendum
1205 2932 1323 3016 opinor.
1354 2929 1415 2996 Ετό

324 3044 476 3130 significat
509 3043 605 3121 illud,
641 3066 703 3130 quo
738 3051 885 3127 tanquam
920 3043 1047 3126 pignore
1080 3041 1263 3126 interposito
1295 3037 1411 3124 aliquid

324 3156 546 3232 nanciscimur:
575 3163 676 3218 vestra
699 3155 779 3218 bona
801 3154 835 3219 iu
859 3131 1021 3216 discrimen
1044 3152 1177 3229 dabant,
1202 3155 1238 3214 nt
1261 3170 1316 3232 per
1339 3147 1411 3212 haec

322 3261 527 3340 lucrarentur,
560 3285 622 3347 qua
652 3262 682 3325 vi
713 3263 763 3327 ε’πό
793 3267 839 3325 est
865 3261 899 3325 in
929 3259 1064 3341 δονεόζειν
1095 3268 1126 3324 et
1157 3256 1335 3338 δονεόζεοόοι
1366 3255 1411 3321 ἐπὶ

322 3372 459 3452 ὑποόήκν,
484 3371 531 3436 ε’πδ
555 3382 592 3452 τῇ
615 3373 676 3448 unt,
700 3371 795 3435 δοῦνοι
818 3370 866 3434 ε’τι)
889 3370 1023 3450 ἐνεχύρῳ.

365 3481 458 3564 ξοδ.
504 3480 601 3556 ἐπειδὴ
629 3480 659 3542 δὲ
687 3479 883 3556 πννόοόνοιοόε,
917 3479 984 3550 τοὺς
1011 3479 1064 3556 μὲν
1088 3477 1262 3556 τριςχιλίονς
1288 3473 1413 3539 οτοσιοό·

321 3588 422 3668 ζοντος
444 3626 507 3666 -,
539 3587 655 3660 πλείους
685 3587 813 3660 δόντος
837 3589 903 3660 τοὺς
927 3587 1014 3667 ὑπὲρ
1037 3590 1134 3663 ἡμῶν
1158 3584 1286 3656 δεδιότος
1306 3583 1324 3658 ἢ
1348 3583 1413 3654 τοὺς

322 3699 390 3774 ὑμῖν
421 3701 639 3772 πολεμοῦντος,
670 3695 732 3760 τοτ’
766 3695 817 3771 ἤδη
848 3733 893 3745 -
920 3695 1118 3772 προςεδοκῖοτε,
1165 3693 1226 3757 Pro
1250 3693 1279 3757 δὲ
1306 3691 1413 3757 πννόοό-

322 3806 410 3870 νοιοόε
441 3805 645 3868 neccssarinm
676 3804 799 3868 videtur
827 3804 850 3868 δ’
873 3803 1071 3869 ε’πννόοόνεσόε.
1118 3800 1192 3866 Non
1216 3801 1297 3865 enim
1321 3807 1357 3865 ut
1380 3801 1412 3862 in

322 3913 505 3999 praegressis
537 3913 640 3996 agitur
670 3912 708 3975 de
739 3913 859 3976 actione
886 3913 1017 3997 repetita
1040 3909 1099 3996 (ὅτε
1119 3909 1265 3987 οὶκούοιτε,
1295 3930 1409 3992 quum,

322 4023 459 4107 quoties,
484 4021 665 4105 audiebatis)
690 4019 742 4084 sed
766 4042 830 4084 uno
852 4029 1019 4085 momento.
1066 4019 1145 4082 Tum
1170 4009 1329 4102 aliquanto
1352 4038 1411 4079 me

320 4132 380 4195 lius
404 4130 500 4194 Palat.
526 4133 592 4201 τοὺς
616 4131 685 4211 ὑπὲρ
709 4131 787 4204 ὑμῶν
807 4129 945 4201 δεδιότος.
981 4129 1062 4194 Nam
1078 4129 1104 4192 si
1120 4128 1269 4191 voluisset
1284 4125 1408 4210 Lysias:

320 4241 425 4324 plures
453 4262 517 4304 esse
540 4241 718 4316 internos,
744 4239 802 4322 qui
822 4239 881 4303 sibi
904 4240 1066 4315 timerent,
1091 4237 1263 4321 scripsisset
1286 4233 1408 4319 opinor:

319 4349 436 4420 πλείους
458 4347 586 4422 δόντος
609 4351 704 4426 ἡμῶν
730 4349 817 4418 τοὺς
841 4348 927 4427 ὑπὲρ
949 4344 1236 4424 οὑτῶνδεδιότος,
1260 4349 1315 4408 aut
1330 4347 1409 4406 certe
