3074 5210
742 490 804 551 150

221 703 244 765 εἰ
268 702 297 766 δὲ
320 726 361 781 τῳ
383 701 425 776 μη
448 696 615 778 βουλομένῳ
637 695 698 772 εἴη,
723 695 884 778 ἐξαλείφει.
901 733 947 746 -
970 695 1208 773 Difficultstem,
1226 717 1318 779 quarn

220 812 317 876 movit
347 811 489 874 Dobreus
521 809 559 873 de
590 807 747 884 δημόταις,
782 807 894 891 quibus
926 814 962 871 ut
985 808 1208 891 gratificaretur
1230 806 1321 891 Poly·

222 929 355 998 stratus,
386 941 450 984 non
481 942 559 1004 opus
591 919 700 982 fuisset
732 924 819 981 tauto
850 939 995 996 numero,
1028 918 1112 1003 quod
1143 918 1231 995 δῆμος
1255 925 1319 980 tarn

222 1035 333 1118 exigua
363 1054 432 1116 pars
462 1031 502 1094 sit
530 1029 681 1105 civitatis,
713 1027 790 1092 mihi
821 1027 944 1112 quidem
977 1050 1039 1092 non
1070 1027 1161 1114 plene
1190 1028 1320 1092 removit

222 1143 356 1220 Bakius,
374 1163 501 1206 monens
517 1140 598 1204 κατόν
615 1140 720 1216 δημους
737 1138 912 1223 catalogum
924 1139 1097 1203 confectum
1109 1139 1213 1202 fuisse.
1237 1136 1320 1200 Nam

222 1254 314 1318 verba
344 1251 443 1331 μηδεὶς
474 1256 529 1316 τῶν
552 1251 680 1326 δημοτῶν
705 1248 782 1312 mihi
804 1249 975 1313 necessario
999 1249 1037 1314 do
1060 1271 1123 1313 uno
1148 1248 1237 1312 demo
1260 1248 1318 1311 Po-

222 1365 341 1450 lystrati
373 1361 581 1447 intellegenda
605 1359 757 1424 videntur.
806 1359 838 1424 si
874 1382 979 1424 omnes
1017 1360 1183 1438 voluisset,
1209 1358 1320 1443 quidni

221 1481 423 1539 tricastinos
447 1469 600 1536 dixisset?

267 1586 283 1669 p
309 1586 359 1647 lt.
403 1581 443 1646 Vi
467 1588 591 1646 tantum
614 1579 697 1664 adigi
712 1579 851 1664 potuisse
868 1578 943 1642 dicit
959 1578 1185 1664 Polystratum,
1202 1587 1239 1644 ut
1253 1582 1321 1653 τοὺς

222 1694 475 1775 τεντακιςχιλίους
499 1693 635 1777 eligeret.
683 1695 726 1754 At
749 1691 866 1754 sactum
889 1691 948 1754 hoe
972 1697 1018 1754 est
1041 1691 1135 1776 paulo
1159 1698 1230 1756 ante
1246 1713 1323 1776 qua·

222 1805 402 1890 dringentos
433 1804 589 1880 sublatos,
620 1803 734 1886 quibus
766 1802 824 1866 hoc
849 1802 1030 1866 necessitate
1054 1823 1232 1887 expressum
1255 1811 1320 1879 est,

222 1921 258 1978 ut
282 1915 397 2000 populo
421 1914 675 1998 gratificarentur.
723 1911 756 1975 Si
778 1911 875 1996 igitur
898 1912 928 1974 vi
952 1920 983 1975 et
998 1912 1090 1976 minis
1107 1919 1232 1976 coactus
1247 1912 1323 1976 fuis-

222 2032 268 2088 set
290 2023 484 2108 Polystratus
509 2029 544 2087 nt
567 2022 742 2107 catalogum
766 2022 945 2101 conficeret,
968 2022 1130 2108 prudentis
1146 2023 1255 2086 fuisset
1270 2045 1323 2106 pa-

222 2134 305 2198 troni
327 2133 360 2197 id
384 2141 492 2197 tacere.
540 2132 599 2197 Sed
626 2155 806 2218 resperso
830 2132 921 2196 etiem
945 2155 1052 2217 parum
1076 2132 1264 2218 probabilis,
1290 2140 1323 2196 et

221 2244 326 2330 potius
350 2244 521 2328 excogitata
543 2243 683 2322 videtur,
708 2251 744 2307 ut
767 2242 941 2308 dissensum
965 2243 1119 2327 quendam
1139 2244 1220 2307 iuter
1237 2243 1272 2306 P.
1290 2251 1324 2306 et

222 2354 464 2440 quadringentos
491 2353 629 2439 fingeret.
676 2353 840 2418 Evanescit
874 2355 973 2418 omnis
1009 2354 1172 2419 difficultas
1204 2353 1324 2417 adscita

223 2465 399 2528 coniectura
421 2463 527 2528 Bakii:
558 2462 639 2536 οὗτος
663 2463 686 2528 δ’
710 2466 770 2529 οὔτ’
789 2466 892 2542 όμόται
917 2466 1030 2549 ἤθελεν,
1056 2465 1126 2530 οὔτ’
1149 2465 1324 2535 εἰςελόεῖν

223 2597 278 2660 pro
302 2559 371 2640 οὔτε
393 2575 589 2652 καταλέγειν,
615 2596 708 2659 quarn
730 2575 763 2639 in
788 2575 848 2638 alio
873 2575 997 2660 quidem
1022 2576 1168 2660 scriptore
1191 2580 1325 2658 utraque

222 2710 317 2752 mann
341 2686 546 2770 amplecterer.
583 2684 665 2750 Nam
689 2685 781 2749 etiam
803 2686 982 2770 imperfecta
1002 2687 1117 2762 ἤθελεν,
1138 2682 1323 2763 ἠνάγκαζον,

224 2797 338 2880 quibus
367 2795 448 2859 redit
479 2794 517 2858 ed
541 2795 697 2880 superiora
732 2802 871 2880 tempora
905 2797 1068 2880 (coluerat,
1097 2797 1262 2880 coeperunt)
1289 2795 1325 2858 in

223 2907 348 2992 vulgata
372 2905 501 2970 molesta
527 2912 610 2969 sunt.

198 3031 204 3044 ‘
268 3018 315 3083 Ib.
362 3023 417 3082 τῶν
452 3016 477 3082 δ’
503 3017 638 3083 εότόντοιν
669 3017 736 3093 ὑμῖν
766 3018 912 3082 τόναντόα
940 3016 989 3081 καὶ
1016 3017 1064 3082 διόι
1092 3016 1192 3086 τέλους
1220 3017 1249 3079 όν
1280 3021 1323 3098 τῷ

221 3128 413 3208 βουλευτηρόῳ
435 3127 519 3192 όντων
542 3129 608 3213 (pro
630 3127 801 3211 γενομέναν)
824 3127 926 3192 πολλοὶ
949 3126 1183 3209 οὶτοτεφεόγατι
1207 3163 1267 3189 -.
1298 3129 1324 3190 υἱ

221 3239 276 3316 μὲν
299 3239 359 3317 γὰρ
381 3238 566 3310 δοκοῦντες
585 3238 723 3302 αἰδικεΐν
746 3237 911 3318 ε’ἒητημένοι
931 3239 1000 3303 εἰσὶν
1022 3236 1152 3301 ὑπότῶν
1172 3237 1240 3315 ὑμῖν
1255 3259 1326 3318 τρο-

221 3348 316 3424 όόμαν
346 3349 374 3411 ἐν
405 3355 464 3419 τοῖς
487 3347 647 3427 πράγμασι
671 3346 848 3424 γενομένων,
873 3349 896 3412 οἱ
923 3347 947 3411 δ’
971 3347 1182 3423 ἠδικηκότες
1206 3347 1324 3427 ἔντονόν

221 3481 300 3536 μενοι
322 3458 389 3529 τοὺς
411 3456 589 3537 κατηγόρους
612 3456 670 3520 οὐδ’
695 3455 794 3532 ἔδοξαν
817 3457 935 3524 ἀδικεῖν.
976 3457 1021 3521 Ut
1044 3457 1198 3544 oppositio
1218 3457 1325 3540 eliqua

222 3567 262 3631 sit
292 3568 315 3632 οἱ
347 3567 491 3639 δοκοῦντες
514 3567 589 3632 όδικ.
615 3573 705 3630 crunt
725 3566 778 3649 qui
798 3566 913 3630 iniuria
933 3566 1119 3632 videbantur
1138 3567 1322 3652 deliquisse,

221 3680 245 3742 α’
269 3677 340 3753 ηδικ.
364 3677 473 3761 quire
496 3699 567 3741 vera
590 3676 794 3761 deliquerant.
842 3676 902 3740 Sed
934 3699 1039 3742 omnes
1064 3679 1118 3762 qui
1141 3700 1323 3744 enumeran-

222 3795 274 3853 tur
297 3789 333 3871 (οἱ
357 3785 485 3858 εἰπόντες
509 3789 577 3864 ὑμῖν
599 3786 744 3851 τάναντία
771 3787 820 3852 καὶ
850 3786 897 3851 διὰ
920 3787 1021 3860 τέλους
1045 3792 1074 3853 ἐν
1097 3791 1137 3870 τῷ
1160 3790 1322 3868 βουλευτη-

219 3898 266 3979 ρίῳ
296 3896 454 3981 γενόμενοι)
485 3895 603 3980 aliquid
639 3901 845 3982 peccaverent.
892 3896 1003 3981 Itaque
1039 3899 1203 3974 ἠδικηκότες
1239 3901 1321 3965 male

222 4008 362 4073 additum
385 4029 451 4072 esse
474 4006 652 4091 Hirschigio
668 4006 819 4070 assentior
834 4005 934 4090 (Miso.
955 4010 1059 4086 1850,
1082 4032 1112 4094 p.
1133 4012 1218 4094 138).
1249 4009 1323 4076 Sen-

221 4120 320 4184 tentia
342 4141 407 4182 esse
430 4117 577 4182 debebat:
596 4117 641 4201 ii,
666 4119 720 4201 qui
744 4116 899 4181 iudicibus
915 4140 1015 4202 poena
1030 4119 1117 4204 digni
1133 4119 1319 4185 videbantur

223 4231 327 4296 amicis
357 4228 592 4314 deprecantibus
621 4229 718 4314 erepti
740 4227 878 4312 periculo
902 4237 992 4306 sunt,
1017 4229 1071 4294 alii
1094 4230 1246 4314 corruptis
1270 4252 1318 4293 ao-

222 4341 416 4406 ousatoribus
450 4363 573 4405 censam
607 4363 668 4404 nou
700 4341 845 4404 dixerunt
876 4362 899 4402 s.
935 4363 972 4404 ne
1003 4340 1159 4406 iudicibus
1191 4340 1317 4424 quidem

222 4448 406 4516 videbantur
429 4451 606 4538 deliquisse.
