3126 5210
841 437 903 499 176

327 629 471 696 Eleusine
500 632 703 709 obsidendos,
738 632 856 697 dietum
890 633 1030 697 similiter
1053 640 1146 718 atque
1169 636 1193 699 οἱ
1217 637 1279 701 άπὸ
1305 646 1428 712 Φυλῆς,

328 742 352 805 οἱ
376 743 408 806 ἐκ
430 747 585 824 Πειραιῶς,
614 744 637 808 οἱ
666 745 694 806 ἐν
718 741 819 826 άοτει,
845 744 870 807 οἱ
893 745 1048 823 Μαραθῶνι
1071 743 1120 807 κοά
1145 751 1298 823 Σαλαμῖνι
1324 746 1429 829 (Dem.

330 855 380 915 19.
406 853 489 930 313,
514 853 568 916 Ar.
593 851 715 916 Thesm.
741 855 824 931 806,
849 851 909 937 al).
956 852 1063 933 Quom
1086 855 1183 938 igitur
1206 855 1229 918 ii
1253 856 1308 937 qui
1333 855 1431 920 Eleu·

327 962 437 1026 siniam
465 963 653 1047 susciperent
677 962 903 1048 expeditionem
930 965 1054 1029 nomina
1077 965 1206 1049 professi
1230 973 1350 1044 essent,
1379 966 1428 1030 illi

326 1094 389 1136 una
411 1072 541 1157 profecti
565 1079 669 1151 erant,
694 1073 867 1158 exquibus
891 1074 1031 1157 quamvis
1055 1073 1132 1138 effici
1156 1075 1271 1160 possit,
1297 1075 1354 1138 hos
1382 1076 1432 1160 ip-

327 1203 375 1246 sos
399 1201 522 1266 quoque
545 1182 658 1247 milites
683 1189 750 1247 tum
774 1185 904 1269 scriptos
929 1206 1010 1262 esse,
1035 1191 1138 1248 tamen
1161 1185 1258 1269 magis
1281 1185 1340 1249 hoo
1358 1208 1430 1270 per-

327 1291 431 1378 spicue
463 1291 581 1357 dictum
612 1295 669 1358 erit
702 1295 728 1356 si
759 1317 814 1378 pro
846 1296 1108 1375 ἀπογραψαμένων
1132 1295 1328 1360 substitueris
1352 1297 1431 1359 άπο-

326 1400 522 1483 γραψάμενοι.
566 1402 802 1483 Ἀπογράφομαι
824 1404 1033 1488 γἘλευσῖνάδε.
1056 1405 1187 1469 breviter
1217 1404 1337 1468 dietum
1373 1405 1430 1470 sed

326 1511 415 1595 plane
440 1511 568 1575 atticum
591 1520 626 1576 nt
650 1514 912 1594 παρασκευάζομαι
936 1514 1043 1581 οἴκαδε.
1080 1516 1168 1580 Dem.
1194 1518 1246 1578 21.
1270 1517 1354 1578 202:
1382 1519 1429 1580 οὐ·

326 1622 420 1698 δαμοῦ
452 1623 570 1687 πώποτε
597 1624 720 1697 Μειδίας
744 1631 800 1688 τῶν
823 1625 1015 1702 συνηδομένων
1038 1625 1100 1690 οὐδὲ
1123 1631 1179 1690 τάν
1201 1625 1429 1716 συγχαιράντων

326 1730 469 1807 ἐξντάοάν
493 1733 534 1812 τῷ
558 1732 647 1811 δάμῳ.
694 1732 773 1796 Xen.
799 1732 859 1796 GP.
885 1734 941 1798 IV.
968 1737 998 1798 3.
1024 1737 1083 1798 21:
1109 1735 1162 1812 ἐμὲ
1184 1734 1238 1812 μὲν
1255 1729 1301 1798 οὖν
1321 1736 1430 1816 γράφε

324 1847 380 1906 τῶν
415 1842 547 1907 ἱππεύειν
582 1843 873 1922 ὑπερεπιθυμούντων.
921 1843 999 1908 Isse.
1035 1846 1063 1909 7.
1090 1846 1127 1907 5:
1163 1849 1218 1908 τῶν
1246 1846 1274 1908 ἐν
1298 1845 1429 1926 Σικελία

325 1951 506 2029 καταλεγεὶς
528 1952 716 2033 τριηράρχων.
763 1952 862 2038 Supra
889 1956 939 2017 16.
968 1956 1022 2017 15:
1048 1951 1251 2033 διεπραξάμην
1273 1952 1350 2017 ὥστε
1369 1963 1427 2028 τῆς

325 2063 438 2141 πράτιρς
455 2062 637 2140 τεταγμένος
657 2063 812 2143 μάχεσθαι
831 2071 890 2135 τοῖς
910 2065 1068 2139 πολεμίοις.
1097 2062 1185 2126 Dem.
1203 2064 1253 2126 19.
1272 2065 1337 2125 302
1351 2063 1428 2127 inde

326 2170 550 2235 emendandus:
575 2169 604 2243 ὃς
629 2174 688 2251 γάρ
707 2173 809 2236 ἑαυτὸν
825 2172 921 2248 τάξας
937 2179 993 2237 τῶν
1009 2173 1207 2257 άπιττοάντων
1224 2169 1295 2237 εἶναι
1319 2174 1389 2238 Φιλί
1412 2211 1427 2222 -

325 2306 385 2360 πιρ,
402 2280 457 2345 ubi
474 2278 546 2346 εἶναι
564 2281 756 2346 eliciendum.
786 2284 964 2363 Κληροῦοάοιι
983 2288 1040 2347 τῶν
1056 2282 1137 2347 ἐννέα
1148 2283 1314 2363 άρχάντων,
1330 2305 1426 2366 supra

327 2394 379 2454 24.
407 2393 446 2454 13
472 2397 504 2454 et
527 2391 565 2455 al.
602 2390 683 2456 Fieri
707 2393 757 2457 vix
781 2393 884 2477 potuit
915 2393 989 2476 quin
1014 2393 1130 2456 librarii
1152 2393 1343 2456 invenientes
1366 2399 1424 2458 τῶν

325 2501 391 2566 Ἐλ.
424 2501 670 2581 άπογραψάμενοι
701 2503 759 2567 hoo
789 2503 822 2566 in
845 2501 1107 2582 άπογραψαμένων
1129 2503 1334 2580 mutaverint,
1358 2524 1424 2566 non

325 2611 537 2696 intellegentes
569 2618 625 2676 τῶν
653 2615 716 2677 Ἑλ.
765 2612 803 2676 In
834 2613 895 2677 fine
919 2613 1089 2676 sententiae
1112 2616 1324 2693 ἐπολιορκοῦντο
1348 2615 1418 2690 μετ’

324 2724 420 2788 αὐτῶν
447 2724 529 2806 (nam
559 2721 602 2786 sie
632 2721 797 2806 legendum
820 2743 883 2786 non
907 2724 1012 2806 αὐτῶν)
1036 2744 1097 2786 non
1122 2720 1355 2786 sollicitandum
1380 2723 1423 2785 vi·

323 2833 429 2897 detur:
458 2857 490 2897 se
519 2836 652 2899 obsideri
679 2855 746 2898 οωικ
775 2838 816 2897 iis
851 2833 992 2917 (triginta
1017 2832 1104 2918 viris)
1127 2838 1219 2916 possi
1240 2838 1320 2897 suot.
1367 2831 1420 2895 Illi

322 2944 418 3028 igitur
440 2941 601 3007 moenibus
626 2942 739 3025 egressi
763 2949 798 3004 ut
822 2941 1015 3019 obsiderent,
1040 2942 1100 3025 ipsi
1125 2939 1315 3005 obsidionem
1340 2941 1423 3025 passi

324 3061 406 3118 sunt.
452 3052 631 3116 Familiares
663 3051 787 3135 quidam
819 3052 913 3116 fnisse
945 3051 1090 3116 videntur
1114 3051 1241 3135 triginta
1265 3051 1421 3128 virorum,

323 3185 454 3247 quorum
477 3163 569 3248 paulo
596 3170 665 3246 post
688 3163 721 3226 in
743 3163 991 3227 reconciliatione
1015 3185 1090 3226 usus
1114 3162 1216 3227 fuerit.
1265 3160 1313 3227 Of.
1338 3161 1419 3225 Xen.

322 3273 406 3338 Hell.
431 3272 475 3336 H.
500 3275 521 3334 4
545 3271 693 3336 sublim:
719 3272 824 3352 ὑστέρῳ
847 3273 876 3337 δὲ
898 3273 990 3353 χρόνῳ
1012 3273 1190 3343 άκοάταντες
1214 3272 1250 3355 (οἱ
1261 3271 1421 3355 Ἀθηναῖοι)

321 3382 416 3459 ξένους
439 3382 607 3459 μιοάοῦοάαι
626 3383 692 3452 τοὺς
711 3379 873 3464 Ἐλευσῖνι,
895 3382 1116 3461 στρατευόμενοι
1136 3379 1281 3458 πανδαμεὶ
1304 3383 1352 3445 ἐπ’
1372 3384 1423 3445 αὖ.

322 3494 388 3563 τοὺς
405 3493 471 3562 τοὺς
490 3492 543 3568 μὲν
562 3490 745 3570 στρατηγοὺς
766 3492 862 3555 αὐτῶν
885 3494 926 3563 εἰς
949 3492 1053 3568 λόγους
1077 3491 1204 3562 ἐλθόντες
1223 3491 1418 3567 άπέκτειναν,

323 3609 382 3673 τοῖς
406 3599 532 3672 δ’άλλοις
556 3600 827 3679 εἷςπέμψαντες
852 3601 932 3672 τοὺς
956 3602 1087 3684 φίλους
1110 3602 1169 3666 καὶ
1192 3603 1421 3679 άναγκαίους

323 3711 473 3777 ἔπεισαν
496 3709 786 3786 ξυναλλαγῆναι.
823 3709 870 3773 Eo
892 3710 965 3774 haee
987 3711 1121 3775 narratio
1144 3709 1260 3774 recedit
1276 3732 1294 3772 a
1309 3709 1419 3795 Lysia,

323 3820 406 3906 quod
433 3843 509 3905 quos
534 3819 708 3905 Xenophon
733 3821 846 3885 'missos
875 3844 893 3885 a
920 3821 1036 3885 civibus
1064 3820 1155 3898 dioit,
1184 3821 1218 3885 hi
1250 3821 1420 3885 secundum

322 3928 446 4014 Lysiam
478 3937 586 4014 sponte
617 3952 648 3993 se
679 3929 760 3993 intra
792 3930 913 3994 moenia
944 3929 1150 3994 contulerunt.
1197 3929 1365 3996 Finxerant
1388 3955 1419 3995 se

324 4038 402 4103 velle
433 4061 627 4125 oppugnare,
661 4062 722 4123 quo
753 4041 862 4105 melius
892 4042 967 4126 ipsis
992 4040 1203 4126 praesentibus
1226 4064 1274 4106 res
1298 4064 1420 4128 compo-

198 4170 208 4179 ·
321 4156 454 4214 noratur.
498 4150 536 4214 In
568 4149 689 4214 Sohaibi
721 4151 896 4215 coniectura
931 4152 1108 4230 ἐπολιόρκουν
1139 4151 1205 4222 τοὺς
1235 4151 1299 4229 μεθ’
1324 4152 1418 4217 αὐτῶν

324 4258 489 4325 obscurum
522 4260 747 4345 quodammodo
784 4270 830 4325 est
862 4260 941 4326 illud
972 4263 1039 4333 τοὺς
1067 4287 1102 4340 μ.
1134 4286 1183 4338 α.,
1214 4284 1276 4346 quo
1307 4261 1419 4346 signifi·

325 4378 435 4434 cantor
458 4393 520 4435 non
544 4371 599 4454 qui
621 4391 726 4434 eorum
751 4370 892 4435 factionis
916 4377 1004 4436 erant
1027 4369 1081 4433 sed
1103 4373 1172 4434 olim
1188 4371 1330 4455 fuerant.
