<?xml version="1.0" encoding="UTF-8"?>
<!DOCTYPE html PUBLIC "-//W3C//DTD XHTML 1.0 Transitional//EN"
    "http://www.w3.org/TR/xhtml1/DTD/xhtml1-transitional.dtd">
<html xmlns="http://www.w3.org/1999/xhtml" xml:lang="en" lang="en">
 <head>
  <title>
</title>
<meta http-equiv="Content-Type" content="text/html;charset=utf-8" />
  <meta name='ocr-system' content='tesseract 3.04.00' />
  <meta name='ocr-capabilities' content='ocr_page ocr_carea ocr_par ocr_line ocrx_word'/>
</head>
<body>
  <div class='ocr_page' id='page_1' title='image "./commentationesl02frangoog_0216.png"; bbox 0 0 3126 5210; ppageno 0'>
   <div class='ocr_carea' id='block_1_1' title="bbox 663 463 725 524">
    <p class='ocr_par' dir='ltr' id='par_1_1' title="bbox 663 463 725 524">
     <span class='ocr_line' id='line_1_1' title="bbox 663 463 725 524; baseline 0.016 -1"><span class='ocrx_word' id='word_1_1' title='bbox 663 463 725 524; x_wconf 77' lang='lat'><strong>201</strong></span> 
     </span>
    </p>
   </div>
   <div class='ocr_carea' id='block_1_2' title="bbox 160 657 1256 4488">
    <p class='ocr_par' dir='ltr' id='par_1_2' title="bbox 160 657 1256 4488">
     <span class='ocr_line' id='line_1_2' title="bbox 166 657 1254 747; baseline -0.006 -21"><span class='ocrx_word' id='word_1_2' title='bbox 166 664 304 747; x_wconf 90' lang='lat' dir='ltr'><strong>latimque</strong></span> <span class='ocrx_word' id='word_1_3' title='bbox 326 663 433 747; x_wconf 86' lang='lat' dir='ltr'><strong>populi</strong></span> <span class='ocrx_word' id='word_1_4' title='bbox 450 666 632 746; x_wconf 88' lang='lat' dir='ltr'><strong>potestatem</strong></span> <span class='ocrx_word' id='word_1_5' title='bbox 655 661 839 725; x_wconf 87' lang='lat' dir='ltr'><strong>subvertere.</strong></span> <span class='ocrx_word' id='word_1_6' title='bbox 887 658 992 723; x_wconf 82' lang='lat' dir='ltr'><strong>Fectio</strong></span> <span class='ocrx_word' id='word_1_7' title='bbox 1016 657 1171 741; x_wconf 79' lang='lat' dir='ltr'><strong>quaedam</strong></span> <span class='ocrx_word' id='word_1_8' title='bbox 1195 658 1254 742; x_wconf 91' lang='lat' dir='ltr'><strong>sig-</strong></span> 
     </span>
     <span class='ocr_line' id='line_1_3' title="bbox 165 770 1254 855; baseline -0.002 -19"><span class='ocrx_word' id='word_1_9' title='bbox 165 773 299 837; x_wconf 87' lang='lat' dir='ltr'><strong>nificatur</strong></span> <span class='ocrx_word' id='word_1_10' title='bbox 322 779 478 836; x_wconf 88' lang='lat' dir='ltr'><strong>oratorum</strong></span> <span class='ocrx_word' id='word_1_11' title='bbox 502 772 657 836; x_wconf 86' lang='lat' dir='ltr'><strong>venalium</strong></span> <span class='ocrx_word' id='word_1_12' title='bbox 680 777 711 836; x_wconf 90' lang='lat' dir='ltr'><strong>et</strong></span> <span class='ocrx_word' id='word_1_13' title='bbox 731 779 795 835; x_wconf 92' lang='lat' dir='ltr'><strong>arte</strong></span> <span class='ocrx_word' id='word_1_14' title='bbox 811 770 999 855; x_wconf 87' lang='lat' dir='ltr'><strong>potentium,</strong></span> <span class='ocrx_word' id='word_1_15' title='bbox 1018 770 1071 854; x_wconf 90' lang='lat' dir='ltr'><strong>qui</strong></span> <span class='ocrx_word' id='word_1_16' title='bbox 1094 770 1254 852; x_wconf 86' lang='lat' dir='ltr'><strong>magnifice</strong></span> 
     </span>
     <span class='ocr_line' id='line_1_4' title="bbox 164 881 1254 968; baseline -0.006 -21"><span class='ocrx_word' id='word_1_17' title='bbox 164 885 335 968; x_wconf 71' lang='lat' dir='ltr'>promittere</span> <span class='ocrx_word' id='word_1_18' title='bbox 365 883 506 947; x_wconf 90' lang='lat' dir='ltr'><strong>solebant</strong></span> <span class='ocrx_word' id='word_1_19' title='bbox 528 905 560 947; x_wconf 89' lang='lat' dir='ltr'><strong>se</strong></span> <span class='ocrx_word' id='word_1_20' title='bbox 583 882 777 966; x_wconf 89' lang='lat' dir='ltr'><strong>potissimum</strong></span> <span class='ocrx_word' id='word_1_21' title='bbox 801 881 845 945; x_wconf 90' lang='lat' dir='ltr'><strong>rei</strong></span> <span class='ocrx_word' id='word_1_22' title='bbox 867 881 1008 966; x_wconf 87' lang='lat' dir='ltr'><strong>publicae</strong></span> <span class='ocrx_word' id='word_1_23' title='bbox 1032 887 1254 964; x_wconf 87' lang='lat' dir='ltr'><strong>prospecturus</strong></span> 
     </span>
     <span class='ocr_line' id='line_1_5' title="bbox 168 987 1254 1078; baseline -0.005 -22"><span class='ocrx_word' id='word_1_24' title='bbox 168 995 193 1078; x_wconf 65' lang='lat' dir='ltr'><strong>(b</strong></span> <span class='ocrx_word' id='word_1_25' title='bbox 221 995 269 1077; x_wconf 84' lang='lat'><strong>3),</strong></span> <span class='ocrx_word' id='word_1_26' title='bbox 298 999 335 1056; x_wconf 91' lang='lat' dir='ltr'><strong>ut</strong></span> <span class='ocrx_word' id='word_1_27' title='bbox 357 993 418 1078; x_wconf 91' lang='lat' dir='ltr'><strong>ipsi</strong></span> <span class='ocrx_word' id='word_1_28' title='bbox 440 993 526 1057; x_wconf 89' lang='lat' dir='ltr'><strong>lucra</strong></span> <span class='ocrx_word' id='word_1_29' title='bbox 549 999 580 1057; x_wconf 90' lang='lat' dir='ltr'><strong>et</strong></span> <span class='ocrx_word' id='word_1_30' title='bbox 603 993 809 1058; x_wconf 88' lang='lat' dir='ltr'><strong>emolumenta</strong></span> <span class='ocrx_word' id='word_1_31' title='bbox 832 991 891 1055; x_wconf 92' lang='lat' dir='ltr'><strong>sibi</strong></span> <span class='ocrx_word' id='word_1_32' title='bbox 915 991 1114 1056; x_wconf 88' lang='lat' dir='ltr'><strong>vindicarent.</strong></span> <span class='ocrx_word' id='word_1_33' title='bbox 1165 987 1254 1052; x_wconf 88' lang='lat' dir='ltr'><strong>Nihil</strong></span> 
     </span>
     <span class='ocr_line' id='line_1_6' title="bbox 165 1098 1255 1185; baseline -0.002 -21"><span class='ocrx_word' id='word_1_34' title='bbox 165 1103 261 1165; x_wconf 88' lang='lat' dir='ltr'><strong>estin</strong></span> <span class='ocrx_word' id='word_1_35' title='bbox 285 1108 351 1164; x_wconf 91' lang='lat' dir='ltr'><strong>tota</strong></span> <span class='ocrx_word' id='word_1_36' title='bbox 375 1102 513 1165; x_wconf 91' lang='lat' dir='ltr'><strong>oratione</strong></span> <span class='ocrx_word' id='word_1_37' title='bbox 535 1108 605 1185; x_wconf 87' lang='lat' dir='ltr'><strong>post</strong></span> <span class='ocrx_word' id='word_1_38' title='bbox 629 1101 793 1164; x_wconf 82' lang='lat' dir='ltr'><strong>sectionem</strong></span> <span class='ocrx_word' id='word_1_39' title='bbox 816 1102 945 1185; x_wconf 83' lang='lat' dir='ltr'><strong>primam</strong></span> <span class='ocrx_word' id='word_1_40' title='bbox 970 1098 1052 1185; x_wconf 89' lang='lat' dir='ltr'><strong>quod</strong></span> <span class='ocrx_word' id='word_1_41' title='bbox 1076 1099 1115 1163; x_wconf 92' lang='lat' dir='ltr'><strong>ad</strong></span> <span class='ocrx_word' id='word_1_42' title='bbox 1132 1120 1255 1164; x_wconf 87' lang='lat' dir='ltr'><strong>oausam</strong></span> 
     </span>
     <span class='ocr_line' id='line_1_7' title="bbox 165 1213 1254 1299; baseline -0.002 -21"><span class='ocrx_word' id='word_1_43' title='bbox 165 1236 237 1298; x_wconf 92' lang='lat' dir='ltr'><strong>quae</strong></span> <span class='ocrx_word' id='word_1_44' title='bbox 264 1237 347 1279; x_wconf 87' lang='lat' dir='ltr'><strong>nunc</strong></span> <span class='ocrx_word' id='word_1_45' title='bbox 372 1215 484 1299; x_wconf 85' lang='lat' dir='ltr'><strong>agitur,</strong></span> <span class='ocrx_word' id='word_1_46' title='bbox 512 1214 698 1298; x_wconf 82' lang='lat' dir='ltr'><strong>legationem</strong></span> <span class='ocrx_word' id='word_1_47' title='bbox 720 1214 799 1278; x_wconf 89' lang='lat' dir='ltr'><strong>male</strong></span> <span class='ocrx_word' id='word_1_48' title='bbox 822 1221 957 1298; x_wconf 87' lang='lat' dir='ltr'><strong>gestam,</strong></span> <span class='ocrx_word' id='word_1_49' title='bbox 982 1214 1072 1278; x_wconf 88' lang='lat' dir='ltr'><strong>unice</strong></span> <span class='ocrx_word' id='word_1_50' title='bbox 1095 1213 1254 1290; x_wconf 85' lang='lat' dir='ltr'><strong>referatur,</strong></span> 
     </span>
     <span class='ocr_line' id='line_1_8' title="bbox 163 1323 1255 1410; baseline -0.001 -23"><span class='ocrx_word' id='word_1_51' title='bbox 163 1324 213 1388; x_wconf 89' lang='lat' dir='ltr'><strong>sed</strong></span> <span class='ocrx_word' id='word_1_52' title='bbox 247 1324 498 1410; x_wconf 89' lang='lat' dir='ltr'><strong>perstringuntur</strong></span> <span class='ocrx_word' id='word_1_53' title='bbox 531 1323 688 1409; x_wconf 80' lang='lat' dir='ltr'><strong>Epicrates</strong></span> <span class='ocrx_word' id='word_1_54' title='bbox 724 1325 851 1409; x_wconf 90' lang='lat' dir='ltr'><strong>eiusque</strong></span> <span class='ocrx_word' id='word_1_55' title='bbox 886 1327 1073 1408; x_wconf 79' lang='lat' dir='ltr'><strong>defensores,</strong></span> <span class='ocrx_word' id='word_1_56' title='bbox 1106 1330 1255 1407; x_wconf 85' lang='lat' dir='ltr'><strong>tanquam</strong></span> 
     </span>
     <span class='ocr_line' id='line_1_9' title="bbox 163 1433 1254 1519; baseline -0.002 -21"><span class='ocrx_word' id='word_1_57' title='bbox 163 1437 235 1499; x_wconf 82' lang='lat' dir='ltr'><strong>moli</strong></span> <span class='ocrx_word' id='word_1_58' title='bbox 254 1437 425 1517; x_wconf 73' lang='lat' dir='ltr'><strong>demaqogi,</strong></span> <span class='ocrx_word' id='word_1_59' title='bbox 450 1433 562 1518; x_wconf 89' lang='lat' dir='ltr'><strong>quibus</strong></span> <span class='ocrx_word' id='word_1_60' title='bbox 586 1455 754 1519; x_wconf 88' lang='lat' dir='ltr'><strong>numquam</strong></span> <span class='ocrx_word' id='word_1_61' title='bbox 769 1434 861 1498; x_wconf 90' lang='lat' dir='ltr'><strong>fidem</strong></span> <span class='ocrx_word' id='word_1_62' title='bbox 877 1434 988 1498; x_wconf 87' lang='lat' dir='ltr'><strong>habere</strong></span> <span class='ocrx_word' id='word_1_63' title='bbox 1004 1440 1142 1518; x_wconf 85' lang='lat' dir='ltr'><strong>oporteat</strong></span> <span class='ocrx_word' id='word_1_64' title='bbox 1148 1459 1158 1511; x_wconf 66' lang='grc' dir='ltr'><strong><em>ς</em></strong></span> <span class='ocrx_word' id='word_1_65' title='bbox 1175 1433 1254 1497; x_wconf 90' lang='lat' dir='ltr'><strong>male</strong></span> 
     </span>
     <span class='ocr_line' id='line_1_10' title="bbox 164 1541 1254 1628; baseline 0 -22"><span class='ocrx_word' id='word_1_66' title='bbox 164 1549 261 1628; x_wconf 88' lang='lat' dir='ltr'><strong>gestae</strong></span> <span class='ocrx_word' id='word_1_67' title='bbox 278 1543 441 1626; x_wconf 84' lang='lat' dir='ltr'><strong>legationis</strong></span> <span class='ocrx_word' id='word_1_68' title='bbox 454 1544 685 1628; x_wconf 86' lang='lat' dir='ltr'><strong>opportunitate</strong></span> <span class='ocrx_word' id='word_1_69' title='bbox 697 1545 798 1608; x_wconf 90' lang='lat' dir='ltr'><strong>utitur</strong></span> <span class='ocrx_word' id='word_1_70' title='bbox 810 1551 913 1608; x_wconf 89' lang='lat' dir='ltr'><strong>orator</strong></span> <span class='ocrx_word' id='word_1_71' title='bbox 925 1549 961 1607; x_wconf 87' lang='lat' dir='ltr'><strong>ut</strong></span> <span class='ocrx_word' id='word_1_72' title='bbox 973 1549 1073 1606; x_wconf 89' lang='lat' dir='ltr'><strong>totum</strong></span> <span class='ocrx_word' id='word_1_73' title='bbox 1087 1541 1145 1607; x_wconf 90' lang='lat' dir='ltr'><strong>hoc</strong></span> <span class='ocrx_word' id='word_1_74' title='bbox 1156 1565 1254 1626; x_wconf 90' lang='lat' dir='ltr'><strong>genus</strong></span> 
     </span>
     <span class='ocr_line' id='line_1_11' title="bbox 167 1637 1254 1740; baseline -0.001 -24"><span class='ocrx_word' id='word_1_75' title='bbox 167 1637 400 1738; x_wconf 88' lang='lat' dir='ltr'><strong>demagogorum</strong></span> <span class='ocrx_word' id='word_1_76' title='bbox 422 1654 627 1740; x_wconf 86' lang='lat' dir='ltr'><strong>perstringat,</strong></span> <span class='ocrx_word' id='word_1_77' title='bbox 651 1654 689 1720; x_wconf 92' lang='lat' dir='ltr'><strong>ab</strong></span> <span class='ocrx_word' id='word_1_78' title='bbox 715 1675 811 1739; x_wconf 88' lang='lat' dir='ltr'><strong>eoque</strong></span> <span class='ocrx_word' id='word_1_79' title='bbox 835 1661 982 1738; x_wconf 89' lang='lat' dir='ltr'><strong>tanquam</strong></span> <span class='ocrx_word' id='word_1_80' title='bbox 1005 1654 1091 1717; x_wconf 88' lang='lat' dir='ltr'><strong>fonte</strong></span> <span class='ocrx_word' id='word_1_81' title='bbox 1113 1653 1254 1716; x_wconf 89' lang='lat' dir='ltr'><strong>miseram</strong></span> 
     </span>
     <span class='ocr_line' id='line_1_12' title="bbox 166 1761 1255 1849; baseline -0.001 -23"><span class='ocrx_word' id='word_1_82' title='bbox 166 1763 292 1826; x_wconf 86' lang='lat' dir='ltr'><strong>civitatis</strong></span> <span class='ocrx_word' id='word_1_83' title='bbox 309 1762 519 1826; x_wconf 91' lang='lat' dir='ltr'><strong>condicionem</strong></span> <span class='ocrx_word' id='word_1_84' title='bbox 536 1771 664 1848; x_wconf 85' lang='lat' dir='ltr'><strong>repetat.</strong></span> <span class='ocrx_word' id='word_1_85' title='bbox 695 1764 798 1849; x_wconf 82' lang='lat' dir='ltr'><strong>Igitur</strong></span> <span class='ocrx_word' id='word_1_86' title='bbox 817 1786 895 1848; x_wconf 89' lang='lat' dir='ltr'><strong>quae</strong></span> <span class='ocrx_word' id='word_1_87' title='bbox 917 1765 934 1848; x_wconf 69' lang='lat' dir='ltr'><strong>b</strong></span> <span class='ocrx_word' id='word_1_88' title='bbox 960 1766 976 1826; x_wconf 90' lang='lat'>1</span> <span class='ocrx_word' id='word_1_89' title='bbox 998 1769 1071 1826; x_wconf 86' lang='lat' dir='ltr'><strong>sunt</strong></span> <span class='ocrx_word' id='word_1_90' title='bbox 1085 1761 1193 1828; x_wconf 73' lang='lat' dir='ltr'><strong>radron</strong></span> <span class='ocrx_word' id='word_1_91' title='bbox 1208 1775 1255 1826; x_wconf 73' lang='lat' dir='ltr'><strong>ts·</strong></span> 
     </span>
     <span class='ocr_line' id='line_1_13' title="bbox 165 1871 1254 1958; baseline -0.004 -21"><span class='ocrx_word' id='word_1_92' title='bbox 165 1873 269 1948; x_wconf 70' lang='lat' dir='ltr'><strong>adorea</strong></span> <span class='ocrx_word' id='word_1_93' title='bbox 292 1872 450 1936; x_wconf 81' lang='lat' dir='ltr'><strong>referenda</strong></span> <span class='ocrx_word' id='word_1_94' title='bbox 473 1873 511 1936; x_wconf 92' lang='lat' dir='ltr'><strong>ad</strong></span> <span class='ocrx_word' id='word_1_95' title='bbox 535 1873 709 1938; x_wconf 81' lang='lat' dir='ltr'><strong>defensores</strong></span> <span class='ocrx_word' id='word_1_96' title='bbox 732 1873 884 1958; x_wconf 81' lang='lat' dir='ltr'><strong>Epicratis</strong></span> <span class='ocrx_word' id='word_1_97' title='bbox 901 1879 931 1937; x_wconf 91' lang='lat' dir='ltr'><strong>et</strong></span> <span class='ocrx_word' id='word_1_98' title='bbox 946 1873 1119 1957; x_wconf 79' lang='lat' dir='ltr'><strong>Epicratem</strong></span> <span class='ocrx_word' id='word_1_99' title='bbox 1136 1871 1254 1954; x_wconf 89' lang='lat' dir='ltr'><strong>ipsum,</strong></span> 
     </span>
     <span class='ocr_line' id='line_1_14' title="bbox 166 1978 1254 2068; baseline -0.003 -23"><span class='ocrx_word' id='word_1_100' title='bbox 166 1989 311 2067; x_wconf 86' lang='lat' dir='ltr'><strong>tanquam</strong></span> <span class='ocrx_word' id='word_1_101' title='bbox 335 1983 430 2046; x_wconf 93' lang='lat' dir='ltr'><strong>malos</strong></span> <span class='ocrx_word' id='word_1_102' title='bbox 454 1982 654 2068; x_wconf 90' lang='lat' dir='ltr'><strong>demagogos,</strong></span> <span class='ocrx_word' id='word_1_103' title='bbox 679 1983 723 2046; x_wconf 91' lang='lat' dir='ltr'><strong>sic</strong></span> <span class='ocrx_word' id='word_1_104' title='bbox 746 1985 838 2048; x_wconf 90' lang='lat' dir='ltr'><strong>etiam</strong></span> <span class='ocrx_word' id='word_1_105' title='bbox 860 1984 893 2048; x_wconf 91' lang='lat' dir='ltr'><strong>in</strong></span> <span class='ocrx_word' id='word_1_106' title='bbox 917 1982 1063 2067; x_wconf 80' lang='lat' dir='ltr'><strong>proximis</strong></span> <span class='ocrx_word' id='word_1_107' title='bbox 1086 1978 1160 2046; x_wconf 78' lang='grc' dir='ltr'>οὗτοι</span> <span class='ocrx_word' id='word_1_108' title='bbox 1184 1981 1254 2064; x_wconf 67' lang='lat' dir='ltr'><strong>(bt</strong></span> 
     </span>
     <span class='ocr_line' id='line_1_15' title="bbox 166 2091 1253 2176; baseline -0.003 -20"><span class='ocrx_word' id='word_1_109' title='bbox 166 2100 195 2156; x_wconf 92' lang='lat' dir='ltr'><strong>et</strong></span> <span class='ocrx_word' id='word_1_110' title='bbox 213 2096 231 2156; x_wconf 84' lang='lat'><strong>3</strong></span> <span class='ocrx_word' id='word_1_111' title='bbox 251 2093 332 2176; x_wconf 87' lang='lat' dir='ltr'><strong>init.)</strong></span> <span class='ocrx_word' id='word_1_112' title='bbox 341 2118 350 2170; x_wconf 90' lang='lat'>;</span> <span class='ocrx_word' id='word_1_113' title='bbox 375 2093 412 2156; x_wconf 89' lang='lat' dir='ltr'><strong>de</strong></span> <span class='ocrx_word' id='word_1_114' title='bbox 435 2091 543 2157; x_wconf 90' lang='lat' dir='ltr'><strong>iisdem</strong></span> <span class='ocrx_word' id='word_1_115' title='bbox 560 2092 602 2157; x_wconf 93' lang='lat' dir='ltr'><strong>ib.</strong></span> <span class='ocrx_word' id='word_1_116' title='bbox 619 2091 668 2158; x_wconf 76' lang='lat' dir='ltr'><strong>acl</strong></span> <span class='ocrx_word' id='word_1_117' title='bbox 685 2095 716 2157; x_wconf 82' lang='grc' dir='ltr'><strong>οὐ</strong></span> <span class='ocrx_word' id='word_1_118' title='bbox 733 2097 781 2156; x_wconf 79' lang='grc' dir='ltr'><strong>νῦν</strong></span> <span class='ocrx_word' id='word_1_119' title='bbox 796 2099 905 2172; x_wconf 77' lang='grc' dir='ltr'><strong><em>πρῶτον</em></strong></span> <span class='ocrx_word' id='word_1_120' title='bbox 920 2093 1058 2172; x_wconf 70' lang='grc' dir='ltr'><strong>ὤφθησαν</strong></span> <span class='ocrx_word' id='word_1_121' title='bbox 1073 2091 1253 2173; x_wconf 72' lang='grc' dir='ltr'><strong>ἀδικοῦντες,</strong></span> 
     </span>
     <span class='ocr_line' id='line_1_16' title="bbox 165 2199 1255 2287; baseline -0.001 -23"><span class='ocrx_word' id='word_1_122' title='bbox 165 2201 216 2265; x_wconf 91' lang='lat' dir='ltr'><strong>ubi</strong></span> <span class='ocrx_word' id='word_1_123' title='bbox 240 2203 401 2286; x_wconf 89' lang='lat' dir='ltr'><strong>coniungit</strong></span> <span class='ocrx_word' id='word_1_124' title='bbox 424 2202 597 2287; x_wconf 90' lang='lat' dir='ltr'><strong>Epicratem</strong></span> <span class='ocrx_word' id='word_1_125' title='bbox 623 2209 653 2266; x_wconf 89' lang='lat' dir='ltr'><strong>et</strong></span> <span class='ocrx_word' id='word_1_126' title='bbox 677 2201 839 2267; x_wconf 89' lang='lat' dir='ltr'><strong>factionem</strong></span> <span class='ocrx_word' id='word_1_127' title='bbox 863 2203 946 2280; x_wconf 89' lang='lat' dir='ltr'><strong>eius,</strong></span> <span class='ocrx_word' id='word_1_128' title='bbox 977 2221 1055 2285; x_wconf 88' lang='lat' dir='ltr'><strong>quae</strong></span> <span class='ocrx_word' id='word_1_129' title='bbox 1078 2199 1255 2265; x_wconf 87' lang='lat' dir='ltr'><strong>defensione</strong></span> 
     </span>
     <span class='ocr_line' id='line_1_17' title="bbox 162 2307 1255 2396; baseline -0.003 -21"><span class='ocrx_word' id='word_1_130' title='bbox 162 2319 191 2375; x_wconf 92' lang='lat' dir='ltr'><strong>et</strong></span> <span class='ocrx_word' id='word_1_131' title='bbox 212 2312 431 2376; x_wconf 89' lang='lat' dir='ltr'><strong>maleficiorum</strong></span> <span class='ocrx_word' id='word_1_132' title='bbox 456 2312 660 2376; x_wconf 89' lang='lat' dir='ltr'><strong>similitudine</strong></span> <span class='ocrx_word' id='word_1_133' title='bbox 683 2313 715 2375; x_wconf 89' lang='lat' dir='ltr'><strong>in</strong></span> <span class='ocrx_word' id='word_1_134' title='bbox 738 2319 856 2396; x_wconf 88' lang='lat' dir='ltr'><strong>partem</strong></span> <span class='ocrx_word' id='word_1_135' title='bbox 872 2312 981 2396; x_wconf 89' lang='lat' dir='ltr'><strong>cnlpae</strong></span> <span class='ocrx_word' id='word_1_136' title='bbox 997 2311 1109 2374; x_wconf 86' lang='lat' dir='ltr'><strong>veniat.</strong></span> <span class='ocrx_word' id='word_1_137' title='bbox 1134 2307 1255 2373; x_wconf 89' lang='lat' dir='ltr'><strong>Horum</strong></span> 
     </span>
     <span class='ocr_line' id='line_1_18' title="bbox 160 2418 1254 2506; baseline -0.003 -22"><span class='ocrx_word' id='word_1_138' title='bbox 160 2444 248 2506; x_wconf 88' lang='lat' dir='ltr'><strong>opera</strong></span> <span class='ocrx_word' id='word_1_139' title='bbox 279 2422 395 2485; x_wconf 85' lang='lat' dir='ltr'><strong>factum</strong></span> <span class='ocrx_word' id='word_1_140' title='bbox 418 2427 496 2498; x_wconf 90' lang='lat' dir='ltr'><strong>erat,</strong></span> <span class='ocrx_word' id='word_1_141' title='bbox 526 2423 617 2485; x_wconf 89' lang='lat' dir='ltr'><strong>utin</strong></span> <span class='ocrx_word' id='word_1_142' title='bbox 642 2422 749 2486; x_wconf 90' lang='lat' dir='ltr'><strong>eadem</strong></span> <span class='ocrx_word' id='word_1_143' title='bbox 773 2443 865 2486; x_wconf 89' lang='lat' dir='ltr'><strong>causa</strong></span> <span class='ocrx_word' id='word_1_144' title='bbox 888 2421 962 2485; x_wconf 93' lang='lat' dir='ltr'><strong>olim</strong></span> <span class='ocrx_word' id='word_1_145' title='bbox 985 2421 1188 2485; x_wconf 86' lang='lat' dir='ltr'><strong>Athenienses</strong></span> <span class='ocrx_word' id='word_1_146' title='bbox 1213 2418 1254 2481; x_wconf 92' lang='lat' dir='ltr'><strong>al·</strong></span> 
     </span>
     <span class='ocr_line' id='line_1_19' title="bbox 162 2529 1254 2615; baseline -0.003 -19"><span class='ocrx_word' id='word_1_147' title='bbox 162 2541 260 2596; x_wconf 88' lang='lat' dir='ltr'><strong>terum</strong></span> <span class='ocrx_word' id='word_1_148' title='bbox 292 2530 446 2615; x_wconf 87' lang='lat' dir='ltr'><strong>quendam</strong></span> <span class='ocrx_word' id='word_1_149' title='bbox 476 2531 542 2615; x_wconf 89' lang='lat' dir='ltr'><strong>(qui</strong></span> <span class='ocrx_word' id='word_1_150' title='bbox 572 2531 650 2594; x_wconf 90' lang='lat' dir='ltr'><strong>miro</strong></span> <span class='ocrx_word' id='word_1_151' title='bbox 679 2532 803 2595; x_wconf 90' lang='lat' dir='ltr'><strong>nomine</strong></span> <span class='ocrx_word' id='word_1_152' title='bbox 826 2531 1046 2608; x_wconf 66' lang='lat' dir='ltr'><strong>&#39;occallescere</strong></span> <span class='ocrx_word' id='word_1_153' title='bbox 1070 2529 1254 2614; x_wconf 90' lang='lat' dir='ltr'><strong>appellatur)</strong></span> 
     </span>
     <span class='ocr_line' id='line_1_20' title="bbox 164 2639 1256 2725; baseline -0.002 -20"><span class='ocrx_word' id='word_1_154' title='bbox 164 2642 375 2718; x_wconf 85' lang='lat' dir='ltr'><strong>damnassent,</strong></span> <span class='ocrx_word' id='word_1_155' title='bbox 401 2640 603 2706; x_wconf 80' lang='lat' dir='ltr'><strong>absolvissent</strong></span> <span class='ocrx_word' id='word_1_156' title='bbox 626 2639 816 2725; x_wconf 90' lang='lat' dir='ltr'><strong>Epicratem,</strong></span> <span class='ocrx_word' id='word_1_157' title='bbox 842 2640 981 2724; x_wconf 85' lang='lat' dir='ltr'><strong>quamvis</strong></span> <span class='ocrx_word' id='word_1_158' title='bbox 997 2639 1028 2704; x_wconf 88' lang='lat' dir='ltr'><strong>in</strong></span> <span class='ocrx_word' id='word_1_159' title='bbox 1045 2640 1147 2725; x_wconf 88' lang='lat' dir='ltr'><strong>aprico</strong></span> <span class='ocrx_word' id='word_1_160' title='bbox 1164 2640 1256 2724; x_wconf 90' lang='lat' dir='ltr'><strong>culpa</strong></span> 
     </span>
     <span class='ocr_line' id='line_1_21' title="bbox 164 2749 1256 2834; baseline 0 -20"><span class='ocrx_word' id='word_1_161' title='bbox 164 2760 257 2829; x_wconf 87' lang='lat' dir='ltr'><strong>esset,</strong></span> <span class='ocrx_word' id='word_1_162' title='bbox 290 2771 386 2834; x_wconf 89' lang='lat' dir='ltr'><strong>quum</strong></span> <span class='ocrx_word' id='word_1_163' title='bbox 418 2756 512 2813; x_wconf 90' lang='lat' dir='ltr'><strong>testes</strong></span> <span class='ocrx_word' id='word_1_164' title='bbox 543 2749 701 2834; x_wconf 88' lang='lat' dir='ltr'><strong>prodirent</strong></span> <span class='ocrx_word' id='word_1_165' title='bbox 728 2751 751 2814; x_wconf 92' lang='lat' dir='ltr'><strong>ii</strong></span> <span class='ocrx_word' id='word_1_166' title='bbox 774 2751 850 2834; x_wconf 89' lang='lat' dir='ltr'><strong>ipsi,</strong></span> <span class='ocrx_word' id='word_1_167' title='bbox 875 2750 929 2833; x_wconf 93' lang='lat' dir='ltr'><strong>qui</strong></span> <span class='ocrx_word' id='word_1_168' title='bbox 953 2749 1033 2813; x_wconf 91' lang='lat' dir='ltr'><strong>dona</strong></span> <span class='ocrx_word' id='word_1_169' title='bbox 1057 2750 1256 2816; x_wconf 89' lang='lat' dir='ltr'><strong>obtulisssent</strong></span> 
     </span>
     <span class='ocr_line' id='line_1_22' title="bbox 164 2858 1254 2945; baseline 0.002 -21"><span class='ocrx_word' id='word_1_170' title='bbox 164 2863 270 2944; x_wconf 88' lang='lat' dir='ltr'><strong>(quos,</strong></span> <span class='ocrx_word' id='word_1_171' title='bbox 302 2866 339 2923; x_wconf 93' lang='lat' dir='ltr'><strong>ut</strong></span> <span class='ocrx_word' id='word_1_172' title='bbox 367 2859 505 2944; x_wconf 89' lang='lat' dir='ltr'><strong>Epicrati</strong></span> <span class='ocrx_word' id='word_1_173' title='bbox 535 2859 764 2938; x_wconf 89' lang='lat' dir='ltr'><strong>insidiarentur,</strong></span> <span class='ocrx_word' id='word_1_174' title='bbox 794 2861 852 2925; x_wconf 91' lang='lat' dir='ltr'><strong>hoc</strong></span> <span class='ocrx_word' id='word_1_175' title='bbox 874 2860 980 2925; x_wconf 83' lang='lat' dir='ltr'><strong>fecisse</strong></span> <span class='ocrx_word' id='word_1_176' title='bbox 1004 2858 1162 2944; x_wconf 89' lang='lat' dir='ltr'><strong>probabile</strong></span> <span class='ocrx_word' id='word_1_177' title='bbox 1187 2864 1254 2945; x_wconf 82' lang='lat' dir='ltr'><strong>est).</strong></span> 
     </span>
     <span class='ocr_line' id='line_1_23' title="bbox 163 2967 1255 3056; baseline 0 -22"><span class='ocrx_word' id='word_1_178' title='bbox 163 2971 253 3035; x_wconf 90' lang='lat' dir='ltr'><strong>Unus</strong></span> <span class='ocrx_word' id='word_1_179' title='bbox 280 2977 347 3034; x_wconf 89' lang='lat' dir='ltr'><strong>tum</strong></span> <span class='ocrx_word' id='word_1_180' title='bbox 371 2977 529 3033; x_wconf 88' lang='lat' dir='ltr'><strong>accusator</strong></span> <span class='ocrx_word' id='word_1_181' title='bbox 551 2971 612 3052; x_wconf 82' lang='grc' dir='ltr'><strong>(τοῦ</strong></span> <span class='ocrx_word' id='word_1_182' title='bbox 636 2971 727 3035; x_wconf 69' lang='grc' dir='ltr'><em>αὐτοῦ</em></span> <span class='ocrx_word' id='word_1_183' title='bbox 750 2969 846 3050; x_wconf 69' lang='grc' dir='ltr'><em>ἀνδρός</em></span> <span class='ocrx_word' id='word_1_184' title='bbox 869 2972 886 3055; x_wconf 66' lang='lat' dir='ltr'><strong>q</strong></span> <span class='ocrx_word' id='word_1_185' title='bbox 909 2972 940 3054; x_wconf 80' lang='lat'><strong>4)</strong></span> <span class='ocrx_word' id='word_1_186' title='bbox 965 2991 1070 3033; x_wconf 90' lang='lat' dir='ltr'><strong>omnes</strong></span> <span class='ocrx_word' id='word_1_187' title='bbox 1094 2967 1255 3056; x_wconf 64' lang='lat' dir='ltr'><strong>(decorae)</strong></span> 
     </span>
     <span class='ocr_line' id='line_1_24' title="bbox 162 3079 1255 3164; baseline 0.001 -22"><span class='ocrx_word' id='word_1_188' title='bbox 162 3081 193 3144; x_wconf 93' lang='lat' dir='ltr'><strong>in</strong></span> <span class='ocrx_word' id='word_1_189' title='bbox 227 3081 277 3143; x_wconf 89' lang='lat' dir='ltr'><strong>ius</strong></span> <span class='ocrx_word' id='word_1_190' title='bbox 312 3086 488 3157; x_wconf 85' lang='lat' dir='ltr'><strong>vocaverat,</strong></span> <span class='ocrx_word' id='word_1_191' title='bbox 520 3079 665 3143; x_wconf 86' lang='lat' dir='ltr'><strong>nimirum</strong></span> <span class='ocrx_word' id='word_1_192' title='bbox 697 3079 870 3164; x_wconf 90' lang='lat' dir='ltr'><strong>Epicratem</strong></span> <span class='ocrx_word' id='word_1_193' title='bbox 903 3086 933 3144; x_wconf 90' lang='lat' dir='ltr'><strong>et</strong></span> <span class='ocrx_word' id='word_1_194' title='bbox 961 3099 1065 3143; x_wconf 90' lang='lat' dir='ltr'><strong>omnes</strong></span> <span class='ocrx_word' id='word_1_195' title='bbox 1089 3081 1143 3163; x_wconf 89' lang='lat' dir='ltr'><strong>qui</strong></span> <span class='ocrx_word' id='word_1_196' title='bbox 1167 3080 1255 3162; x_wconf 90' lang='lat' dir='ltr'><strong>quasi</strong></span> 
     </span>
     <span class='ocr_line' id='line_1_25' title="bbox 162 3177 1255 3273; baseline -0.001 -20"><span class='ocrx_word' id='word_1_197' title='bbox 162 3210 354 3253; x_wconf 90' lang='lat' dir='ltr'><strong>communem</strong></span> <span class='ocrx_word' id='word_1_198' title='bbox 375 3211 446 3253; x_wconf 92' lang='lat' dir='ltr'><strong>cum</strong></span> <span class='ocrx_word' id='word_1_199' title='bbox 470 3211 505 3253; x_wconf 90' lang='lat' dir='ltr'><strong>eo</strong></span> <span class='ocrx_word' id='word_1_200' title='bbox 529 3211 651 3253; x_wconf 90' lang='lat' dir='ltr'><strong>causam</strong></span> <span class='ocrx_word' id='word_1_201' title='bbox 674 3177 843 3267; x_wconf 84' lang='lat' dir='ltr'><strong>faciebant,</strong></span> <span class='ocrx_word' id='word_1_202' title='bbox 868 3210 931 3252; x_wconf 91' lang='lat' dir='ltr'><strong>non</strong></span> <span class='ocrx_word' id='word_1_203' title='bbox 954 3211 1076 3266; x_wconf 90' lang='lat' dir='ltr'><strong>omnes,</strong></span> <span class='ocrx_word' id='word_1_204' title='bbox 1102 3190 1156 3273; x_wconf 88' lang='lat' dir='ltr'><strong>qui</strong></span> <span class='ocrx_word' id='word_1_205' title='bbox 1171 3211 1255 3252; x_wconf 90' lang='lat' dir='ltr'><strong>nunc</strong></span> 
     </span>
     <span class='ocr_line' id='line_1_26' title="bbox 163 3299 1251 3386; baseline -0.001 -24"><span class='ocrx_word' id='word_1_206' title='bbox 163 3307 361 3378; x_wconf 86' lang='lat' dir='ltr'><strong>accusantur,</strong></span> <span class='ocrx_word' id='word_1_207' title='bbox 385 3300 519 3385; x_wconf 87' lang='lat' dir='ltr'><strong>legatos,</strong></span> <span class='ocrx_word' id='word_1_208' title='bbox 540 3323 671 3386; x_wconf 89' lang='lat' dir='ltr'><strong>quorum</strong></span> <span class='ocrx_word' id='word_1_209' title='bbox 687 3323 778 3366; x_wconf 90' lang='lat' dir='ltr'><strong>causa</strong></span> <span class='ocrx_word' id='word_1_210' title='bbox 792 3322 855 3364; x_wconf 90' lang='lat' dir='ltr'><strong>non</strong></span> <span class='ocrx_word' id='word_1_211' title='bbox 872 3301 974 3385; x_wconf 89' lang='lat' dir='ltr'><strong>potuit</strong></span> <span class='ocrx_word' id='word_1_212' title='bbox 989 3300 1036 3364; x_wconf 91' lang='lat' dir='ltr'><strong>bis</strong></span> <span class='ocrx_word' id='word_1_213' title='bbox 1052 3300 1085 3364; x_wconf 91' lang='lat' dir='ltr'><strong>in</strong></span> <span class='ocrx_word' id='word_1_214' title='bbox 1100 3299 1251 3363; x_wconf 90' lang='lat' dir='ltr'><strong>iudicium</strong></span> 
     </span>
     <span class='ocr_line' id='line_1_27' title="bbox 163 3403 1253 3496; baseline 0 -25"><span class='ocrx_word' id='word_1_215' title='bbox 163 3408 281 3472; x_wconf 79' lang='lat' dir='ltr'><strong>deferri.</strong></span> <span class='ocrx_word' id='word_1_216' title='bbox 328 3409 367 3473; x_wconf 90' lang='lat' dir='ltr'><strong>In</strong></span> <span class='ocrx_word' id='word_1_217' title='bbox 391 3403 513 3474; x_wconf 87' lang='lat' dir='ltr'><strong>eosdem</strong></span> <span class='ocrx_word' id='word_1_218' title='bbox 537 3410 721 3495; x_wconf 85' lang='lat' dir='ltr'><strong>demagogos</strong></span> <span class='ocrx_word' id='word_1_219' title='bbox 744 3411 910 3488; x_wconf 89' lang='lat' dir='ltr'><strong>invehitur,</strong></span> <span class='ocrx_word' id='word_1_220' title='bbox 935 3433 1031 3496; x_wconf 89' lang='lat' dir='ltr'><strong>quum</strong></span> <span class='ocrx_word' id='word_1_221' title='bbox 1051 3409 1127 3473; x_wconf 90' lang='lat' dir='ltr'><strong>dicit</strong></span> <span class='ocrx_word' id='word_1_222' title='bbox 1143 3409 1253 3494; x_wconf 87' lang='lat' dir='ltr'><strong>dignos</strong></span> 
     </span>
     <span class='ocr_line' id='line_1_28' title="bbox 163 3519 1253 3606; baseline 0 -25"><span class='ocrx_word' id='word_1_223' title='bbox 163 3541 225 3582; x_wconf 87' lang='lat' dir='ltr'><strong>esse</strong></span> <span class='ocrx_word' id='word_1_224' title='bbox 257 3519 311 3603; x_wconf 91' lang='lat' dir='ltr'><strong>qui</strong></span> <span class='ocrx_word' id='word_1_225' title='bbox 342 3520 434 3583; x_wconf 89' lang='lat' dir='ltr'><strong>etiam</strong></span> <span class='ocrx_word' id='word_1_226' title='bbox 459 3520 575 3584; x_wconf 90' lang='lat' dir='ltr'><strong>indicta</strong></span> <span class='ocrx_word' id='word_1_227' title='bbox 599 3542 690 3584; x_wconf 90' lang='lat' dir='ltr'><strong>causa</strong></span> <span class='ocrx_word' id='word_1_228' title='bbox 713 3520 898 3587; x_wconf 89' lang='lat' dir='ltr'><strong>damnentur</strong></span> <span class='ocrx_word' id='word_1_229' title='bbox 922 3523 949 3606; x_wconf 61' lang='lat' dir='ltr'><strong>(b</strong></span> <span class='ocrx_word' id='word_1_230' title='bbox 973 3523 1015 3603; x_wconf 88' lang='lat'><strong>8).</strong></span> <span class='ocrx_word' id='word_1_231' title='bbox 1050 3519 1149 3583; x_wconf 90' lang='lat' dir='ltr'><strong>Iidem</strong></span> <span class='ocrx_word' id='word_1_232' title='bbox 1172 3522 1189 3604; x_wconf 66' lang='lat' dir='ltr'><strong>q</strong></span> <span class='ocrx_word' id='word_1_233' title='bbox 1214 3520 1253 3581; x_wconf 74' lang='lat'><strong>12</strong></span> 
     </span>
     <span class='ocr_line' id='line_1_29' title="bbox 163 3629 1252 3715; baseline 0 -24"><span class='ocrx_word' id='word_1_234' title='bbox 163 3635 192 3692; x_wconf 90' lang='lat' dir='ltr'><strong>et</strong></span> <span class='ocrx_word' id='word_1_235' title='bbox 223 3652 268 3713; x_wconf 89' lang='lat' dir='ltr'><strong>sq.</strong></span> <span class='ocrx_word' id='word_1_236' title='bbox 301 3629 492 3714; x_wconf 88' lang='lat' dir='ltr'><strong>deprecaturi</strong></span> <span class='ocrx_word' id='word_1_237' title='bbox 523 3653 579 3715; x_wconf 90' lang='lat' dir='ltr'><strong>pro</strong></span> <span class='ocrx_word' id='word_1_238' title='bbox 610 3632 669 3695; x_wconf 88' lang='lat' dir='ltr'><strong>reis</strong></span> <span class='ocrx_word' id='word_1_239' title='bbox 699 3653 763 3695; x_wconf 89' lang='lat' dir='ltr'><strong>esse</strong></span> <span class='ocrx_word' id='word_1_240' title='bbox 786 3631 945 3709; x_wconf 88' lang='lat' dir='ltr'><strong>dicuntur;</strong></span> <span class='ocrx_word' id='word_1_241' title='bbox 972 3630 1021 3708; x_wconf 91' lang='lat' dir='ltr'><strong>hi,</strong></span> <span class='ocrx_word' id='word_1_242' title='bbox 1045 3629 1149 3713; x_wconf 89' lang='lat' dir='ltr'><strong>inquit</strong></span> <span class='ocrx_word' id='word_1_243' title='bbox 1171 3630 1188 3712; x_wconf 66' lang='lat' dir='ltr'><strong>b</strong></span> <span class='ocrx_word' id='word_1_244' title='bbox 1213 3629 1252 3691; x_wconf 80' lang='lat'><strong>13</strong></span> 
     </span>
     <span class='ocr_line' id='line_1_30' title="bbox 163 3740 1252 3825; baseline 0 -23"><span class='ocrx_word' id='word_1_245' title='bbox 163 3745 256 3816; x_wconf 72' lang='lat' dir='ltr'><strong>extr,</strong></span> <span class='ocrx_word' id='word_1_246' title='bbox 299 3762 361 3804; x_wconf 89' lang='lat' dir='ltr'><strong>non</strong></span> <span class='ocrx_word' id='word_1_247' title='bbox 393 3741 520 3824; x_wconf 89' lang='lat' dir='ltr'><strong>gratiam</strong></span> <span class='ocrx_word' id='word_1_248' title='bbox 553 3747 707 3804; x_wconf 90' lang='lat' dir='ltr'><strong>merentur</strong></span> <span class='ocrx_word' id='word_1_249' title='bbox 737 3748 869 3804; x_wconf 86' lang='lat' dir='ltr'><strong>vestram</strong></span> <span class='ocrx_word' id='word_1_250' title='bbox 898 3740 950 3804; x_wconf 89' lang='lat' dir='ltr'><strong>sed</strong></span> <span class='ocrx_word' id='word_1_251' title='bbox 980 3761 1127 3825; x_wconf 89' lang='lat' dir='ltr'><strong>poenam,</strong></span> <span class='ocrx_word' id='word_1_252' title='bbox 1157 3760 1252 3823; x_wconf 90' lang='lat' dir='ltr'><strong>quum</strong></span> 
     </span>
     <span class='ocr_line' id='line_1_31' title="bbox 163 3847 1249 3934; baseline 0.002 -24"><span class='ocrx_word' id='word_1_253' title='bbox 163 3869 214 3911; x_wconf 84' lang='lat' dir='ltr'><strong>vos</strong></span> <span class='ocrx_word' id='word_1_254' title='bbox 239 3850 378 3932; x_wconf 85' lang='lat' dir='ltr'><strong>poteritis</strong></span> <span class='ocrx_word' id='word_1_255' title='bbox 402 3850 522 3933; x_wconf 72' lang='grc' dir='ltr'>(ὁπόταν</span> <span class='ocrx_word' id='word_1_256' title='bbox 545 3853 627 3924; x_wconf 76' lang='grc' dir='ltr'>ὑμεῖς</span> <span class='ocrx_word' id='word_1_257' title='bbox 650 3849 778 3934; x_wconf 74' lang='grc' dir='ltr'><strong>δύνησθε)</strong></span> <span class='ocrx_word' id='word_1_258' title='bbox 800 3851 822 3914; x_wconf 87' lang='lat' dir='ltr'><strong>i.</strong></span> <span class='ocrx_word' id='word_1_259' title='bbox 846 3872 871 3913; x_wconf 90' lang='lat' dir='ltr'><strong>e.</strong></span> <span class='ocrx_word' id='word_1_260' title='bbox 897 3872 993 3933; x_wconf 90' lang='lat' dir='ltr'><strong>quum</strong></span> <span class='ocrx_word' id='word_1_261' title='bbox 1009 3849 1069 3934; x_wconf 89' lang='lat' dir='ltr'><strong>ipsi</strong></span> <span class='ocrx_word' id='word_1_262' title='bbox 1084 3847 1249 3934; x_wconf 88' lang='lat' dir='ltr'><strong>aliquando</strong></span> 
     </span>
     <span class='ocr_line' id='line_1_32' title="bbox 162 3959 1255 4044; baseline 0.001 -24"><span class='ocrx_word' id='word_1_263' title='bbox 162 3959 396 4024; x_wconf 88' lang='lat' dir='ltr'><strong>accusabuntur.</strong></span> <span class='ocrx_word' id='word_1_264' title='bbox 428 3959 457 4024; x_wconf 91' lang='lat' dir='ltr'><strong>Ii</strong></span> <span class='ocrx_word' id='word_1_265' title='bbox 481 3968 549 4025; x_wconf 91' lang='lat' dir='ltr'><strong>tum</strong></span> <span class='ocrx_word' id='word_1_266' title='bbox 569 3961 698 4025; x_wconf 87' lang='lat' dir='ltr'><strong>fortasse</strong></span> <span class='ocrx_word' id='word_1_267' title='bbox 722 3961 850 4027; x_wconf 89' lang='lat' dir='ltr'><strong>anobis</strong></span> <span class='ocrx_word' id='word_1_268' title='bbox 874 3960 1101 4025; x_wconf 86' lang='lat' dir='ltr'><strong>accusatoribus</strong></span> <span class='ocrx_word' id='word_1_269' title='bbox 1127 3959 1255 4044; x_wconf 88' lang='lat' dir='ltr'><strong>pecunia</strong></span> 
     </span>
     <span class='ocr_line' id='line_1_33' title="bbox 162 4072 1253 4158; baseline 0 -22"><span class='ocrx_word' id='word_1_270' title='bbox 162 4072 265 4136; x_wconf 89' lang='lat' dir='ltr'><strong>oblata</strong></span> <span class='ocrx_word' id='word_1_271' title='bbox 288 4080 410 4158; x_wconf 90' lang='lat' dir='ltr'><strong>petent,</strong></span> <span class='ocrx_word' id='word_1_272' title='bbox 436 4082 472 4138; x_wconf 90' lang='lat' dir='ltr'><strong>ut</strong></span> <span class='ocrx_word' id='word_1_273' title='bbox 496 4075 533 4138; x_wconf 91' lang='lat' dir='ltr'><strong>ab</strong></span> <span class='ocrx_word' id='word_1_274' title='bbox 558 4077 750 4140; x_wconf 88' lang='lat' dir='ltr'><strong>accusatione</strong></span> <span class='ocrx_word' id='word_1_275' title='bbox 774 4076 972 4153; x_wconf 80' lang='lat' dir='ltr'><strong>desistamus3</strong></span> <span class='ocrx_word' id='word_1_276' title='bbox 990 4074 1043 4140; x_wconf 89' lang='lat' dir='ltr'><strong>sed</strong></span> <span class='ocrx_word' id='word_1_277' title='bbox 1059 4073 1253 4158; x_wconf 89' lang='lat' dir='ltr'><strong>quemadmo-</strong></span> 
     </span>
     <span class='ocr_line' id='line_1_34' title="bbox 162 4182 1255 4270; baseline -0.001 -25"><span class='ocrx_word' id='word_1_278' title='bbox 162 4182 236 4250; x_wconf 88' lang='lat' dir='ltr'><strong>dum</strong></span> <span class='ocrx_word' id='word_1_279' title='bbox 259 4183 373 4248; x_wconf 83' lang='lat' dir='ltr'><strong>frustra</strong></span> <span class='ocrx_word' id='word_1_280' title='bbox 397 4184 525 4248; x_wconf 89' lang='lat' dir='ltr'><strong>anobis</strong></span> <span class='ocrx_word' id='word_1_281' title='bbox 550 4185 608 4249; x_wconf 91' lang='lat' dir='ltr'><strong>hoc</strong></span> <span class='ocrx_word' id='word_1_282' title='bbox 630 4192 755 4270; x_wconf 86' lang='lat' dir='ltr'><strong>petent,</strong></span> <span class='ocrx_word' id='word_1_283' title='bbox 780 4186 824 4250; x_wconf 91' lang='lat' dir='ltr'><strong>sic</strong></span> <span class='ocrx_word' id='word_1_284' title='bbox 847 4207 900 4248; x_wconf 88' lang='lat' dir='ltr'><strong>vos</strong></span> <span class='ocrx_word' id='word_1_285' title='bbox 924 4207 1046 4269; x_wconf 89' lang='lat' dir='ltr'><strong>quoque</strong></span> <span class='ocrx_word' id='word_1_286' title='bbox 1070 4191 1101 4247; x_wconf 86' lang='lat' dir='ltr'><strong>et</strong></span> <span class='ocrx_word' id='word_1_287' title='bbox 1123 4190 1189 4246; x_wconf 86' lang='lat' dir='ltr'><strong>tum</strong></span> <span class='ocrx_word' id='word_1_288' title='bbox 1212 4205 1255 4245; x_wconf 86' lang='lat' dir='ltr'><strong>ae·</strong></span> 
     </span>
     <span class='ocr_line' id='line_1_35' title="bbox 163 4294 1255 4381; baseline 0.001 -27"><span class='ocrx_word' id='word_1_289' title='bbox 163 4315 248 4357; x_wconf 84' lang='lat' dir='ltr'><strong>veros</strong></span> <span class='ocrx_word' id='word_1_290' title='bbox 279 4315 332 4356; x_wconf 89' lang='lat' dir='ltr'><strong>vos</strong></span> <span class='ocrx_word' id='word_1_291' title='bbox 364 4300 547 4378; x_wconf 87' lang='lat' dir='ltr'><strong>praestatote</strong></span> <span class='ocrx_word' id='word_1_292' title='bbox 573 4302 603 4359; x_wconf 88' lang='lat' dir='ltr'><strong>et</strong></span> <span class='ocrx_word' id='word_1_293' title='bbox 625 4295 844 4374; x_wconf 84' lang='lat' dir='ltr'><strong>inexorabiles,</strong></span> <span class='ocrx_word' id='word_1_294' title='bbox 869 4303 899 4359; x_wconf 90' lang='lat' dir='ltr'><strong>et</strong></span> <span class='ocrx_word' id='word_1_295' title='bbox 921 4318 1004 4359; x_wconf 89' lang='lat' dir='ltr'><strong>nunc</strong></span> <span class='ocrx_word' id='word_1_296' title='bbox 1028 4294 1202 4381; x_wconf 88' lang='lat' dir='ltr'><strong>Epicratem</strong></span> <span class='ocrx_word' id='word_1_297' title='bbox 1225 4299 1255 4356; x_wconf 88' lang='lat' dir='ltr'><strong>et</strong></span> 
     </span>
     <span class='ocr_line' id='line_1_36' title="bbox 163 4401 663 4488; baseline 0.006 -23"><span class='ocrx_word' id='word_1_298' title='bbox 163 4401 281 4466; x_wconf 87' lang='lat' dir='ltr'><strong>sodales</strong></span> <span class='ocrx_word' id='word_1_299' title='bbox 305 4402 398 4488; x_wconf 90' lang='lat' dir='ltr'><strong>digna</strong></span> <span class='ocrx_word' id='word_1_300' title='bbox 420 4426 520 4488; x_wconf 90' lang='lat' dir='ltr'><strong>poena</strong></span> <span class='ocrx_word' id='word_1_301' title='bbox 543 4404 663 4469; x_wconf 91' lang='lat' dir='ltr'><strong>afficite.</strong></span> 
     </span>
    </p>
   </div>
   <div class='ocr_carea' id='block_1_3' title="bbox 0 0 1568 5210">
    <p class='ocr_par' dir='ltr' id='par_1_3' title="bbox 0 0 1568 5210">
     <span class='ocr_line' id='line_1_37' title="bbox 0 0 1568 5210; baseline 0 0"><span class='ocrx_word' id='word_1_302' title='bbox 0 0 1568 5210; x_wconf 95' lang='lat' dir='ltr'><strong> </strong></span> 
     </span>
    </p>
   </div>
  </div>
 </body>
</html>
