3074 5210
642 472 682 532 el

128 695 219 759 usque
242 674 331 739 abest
352 673 501 758 quaedam
525 671 687 738 accusandi
711 671 878 750 calliditas,
903 695 999 758 quum
1023 695 1084 759 quo
1108 677 1206 741 aerius

127 783 289 863 vellicaret,
314 786 473 851 manifesto
489 792 631 869 corrupta
647 785 706 848 iam
722 793 790 848 tum
806 785 972 849 emendatis
989 789 1205 872 praeposuerit.

94 895 96 901 ’
126 897 160 960 ln
188 919 223 960 eo
255 898 346 982 plane
374 898 450 962 mihi
473 897 615 962 convenit
638 919 707 960 oum
731 896 800 975 illo,
825 897 908 982 quod
932 877 1120 982 prooemium
1143 921 1207 962 ora·

124 1010 227 1088 tinius,
263 1011 429 1074 sectionem
465 1011 483 1070 2
520 1008 730 1094 potissimum,
767 1007 930 1073 obscurum
954 1007 1087 1086 indicna
1111 1010 1206 1075 nimio

124 1119 219 1185 studio
252 1122 432 1186 artificiosae
463 1119 663 1205 oppositionis
694 1119 738 1184 ita
768 1128 869 1184 orator
900 1128 1056 1186 contortus
1085 1130 1149 1201 eat,
1173 1129 1209 1186 ut

123 1233 302 1298 sententiam
325 1255 412 1317 aegre
436 1231 606 1316 expisceris.
654 1231 699 1296 De
722 1230 849 1315 reliquis
872 1255 969 1318 pauca
991 1233 1067 1298 haee
1090 1241 1210 1298 notasse

123 1343 238 1409 suffieit.
287 1345 426 1410 Seotioue
459 1345 498 1407 21
532 1341 650 1426 ἄταφα
672 1351 762 1409 ποιεῖν
785 1369 850 1409 τινα
874 1345 980 1409 eodem
1004 1345 1070 1410 iure
1095 1345 1209 1410 dieitur

123 1479 178 1540 qno
200 1456 430 1535 ἀποστράτηγον
453 1461 540 1520 ποιεῖν
563 1479 629 1520 τινα
652 1455 751 1538 (Dem.
770 1457 822 1520 28.
843 1458 923 1533 149,
943 1458 1018 1541 154)
1034 1463 1065 1520 et
1080 1457 1208 1540 φυγάδα

122 1567 211 1650 (Hell.
236 1567 297 1634 IV.
324 1572 353 1633 1.
376 1568 438 1644 40,
463 1565 534 1652 Lys.
562 1568 612 1630 13.
636 1568 698 1651 64).
723 1565 859 1652 Lysiasd
874 1570 911 1633 17
926 1567 1049 1634 εἰωθέναι
1062 1589 1210 1652 usurpare

123 1687 254 1762 poterat,
289 1679 343 1754 sed
373 1701 429 1765 pro
459 1700 543 1744 more
574 1701 630 1742 suo
661 1679 776 1745 εἰθίσθαι
807 1681 929 1764 posuit,
953 1680 1046 1745 semel
1071 1687 1208 1758 tantum,

122 1801 270 1875 qnantum
301 1792 363 1856 seio
396 1791 438 1874 (3.
464 1791 534 1876 28),
558 1790 643 1875 prius
671 1790 838 1875 perfeetum
862 1789 963 1854 hebet.
1003 1793 1084 1876 §53
1108 1792 1211 1857 εῖασαν

123 1904 247 1975 αὐτοὺς
281 1902 419 1967 οῖπελθεῖν
450 1922 522 1964 saue
552 1900 631 1965 male
654 1899 788 1978 dietum;
813 1900 998 1985 quantillum
1022 1909 1124 1967 tamen
1147 1911 1211 1968 erat

123 2010 259 2078 Heokero
289 2013 364 2077 haee
391 2010 576 2076 emendasse.
612 2013 629 2096 q
652 2013 693 2075 86
718 2010 919 2087 ἐξαιτήσονται
942 2012 1107 2097 legendum
1131 2015 1211 2078 vide-

122 2129 182 2202 tur;
215 2125 255 2188 cf.
290 2124 327 2190 ad
356 2147 398 2189 or.
425 2126 465 2188 30
491 2127 551 2208 (et,
576 2131 612 2188 ut
639 2131 747 2209 sponte
771 2123 976 2208 intellegitur,
999 2133 1052 2199 τῆς
1076 2127 1212 2191 τούτων

125 2239 205 2318 πον.).
242 2239 261 2322 q
292 2239 333 2300 88
365 2236 455 2314 πέρας
486 2237 565 2317 ἔχειν
595 2235 669 2307 τινός
700 2258 756 2320 pro
780 2235 937 2301 exclusum
964 2259 1028 2300 esse
1053 2236 1156 2320 aliqua
1178 2260 1210 2301 re

123 2366 179 2410 non
208 2369 356 2432 graecum
387 2354 449 2423 est;
477 2345 594 2429 aliquid
618 2346 694 2412 latet
716 2345 818 2425 aliud;
843 2345 952 2412 dubito
976 2348 1065 2412 etiam
1089 2347 1127 2410 de
1150 2349 1212 2413 οὶτῖ-

122 2479 189 2530 μους
213 2469 270 2534 τῆς
294 2458 404 2528 πόλεως
427 2457 612 2530 κατέστασαν
634 2459 651 2541 q
675 2459 731 2534 21,
756 2480 825 2520 nam
847 2467 900 2532 τῆς
916 2455 1026 2530 πόλεως
1042 2443 1113 2522 sane
1130 2479 1213 2544 pror·

123 2588 170 2630 sus
200 2577 302 2635 vacat.
348 2568 542 2652 Quamquam
574 2569 606 2632 in
636 2568 809 2634 istiusmodi
841 2570 930 2634 rebus
963 2571 1102 2635 cautione
1127 2579 1212 2636 uteu-

124 2676 194 2744 dum
225 2689 321 2768 puto,
359 2682 412 2765 qui
447 2682 538 2744 seiam
570 2679 679 2765 Lysiae
708 2681 767 2745 alia
798 2703 921 2766 quoqne
951 2684 1024 2747 satis
1047 2682 1211 2747 insolentia

125 2788 272 2870 adscribi,
305 2813 382 2876 qnae
410 2800 513 2856 tamen
537 2791 714 2876 corrigenda
737 2813 800 2856 non
823 2793 902 2870 sint,
926 2794 1011 2857 velut
1033 2792 1211 2873 μεταπορεύ-

125 2903 201 2966 εσθοοι
225 2905 333 2985 ἔχθραν
357 2926 412 2988 pro
435 2904 647 2994 μετέρχεσθαι,
673 2906 725 2967 31.
752 2906 769 2964 2
795 2913 826 2967 et
849 2904 961 2969 ibidem
985 2909 1004 2967 4
1025 2905 1141 2985 οῖπειοῖα
1158 2925 1212 2989 pro

125 3011 264 3093 μέγεθος,
284 3023 321 3079 nt
350 3015 545 3099 asuspeotis
576 3015 766 3080 orationibus
790 3016 967 3081 abstineam.
1016 3016 1095 3080 Mihi
1118 3016 1212 3080 tantis

47 3193 57 3206 ⁸
126 3123 290 3192 virtutibus
314 3127 459 3192 excellere
483 3126 604 3201 uidetur
628 3128 725 3191 oratio
748 3129 780 3191 in
804 3126 1126 3205 Eratosthenem,tam
1146 3150 1213 3191 nar·

125 3236 250 3303 rationis
281 3238 450 3316 evidentia,
486 3260 577 3323 quam
609 3238 877 3303 demonstrationis
902 3238 1071 3303 subtilitate
1095 3246 1125 3300 et
1148 3260 1213 3302 sen-

125 3348 290 3414 tentiarum
320 3351 487 3435 gravitate,
520 3357 556 3415 ut
579 3372 674 3434 quum
698 3357 858 3434 propterea
880 3349 1038 3434 Lysiaoam
1062 3349 1210 3428 iudicem,

126 3455 149 3517 Si
172 3479 235 3543 qua
259 3460 456 3546 probabilitas
480 3460 732 3545 palaeographioa
755 3460 935 3538 ostendatur
951 3461 1138 3525 emendanda
1154 3463 1210 3539 sit,

126 3587 186 3632 non
208 3578 356 3656 tanquam
380 3571 478 3635 foetus
501 3570 684 3635 subditioius
708 3569 895 3656 exponenda.

168 3683 185 3765 q
205 3685 235 3747 5.
259 3683 358 3749 dosidis
371 3682 395 3746 δ’
413 3684 437 3747 οἱ
456 3681 610 3762 τριάκοντα
630 3682 738 3761 πονηροὶ
756 3683 809 3760 μὲν
827 3684 876 3746 καὶ
889 3683 1071 3763 συκοφάνται
1083 3683 1160 3780 ὄντες
1172 3687 1212 3757 εἷς

127 3792 176 3866 τὴν
206 3796 300 3877 ἀρχὴν
328 3795 530 3878 κατέστησαν,
554 3795 720 3876 φάσκοντες
743 3796 773 3860 δὲ
796 3804 900 3875 χρῆναι
923 3801 979 3859 τῶν
1001 3795 1104 3860 albinea
1130 3795 1211 3879 (lost.

127 3903 306 3991 ἀδικούντων)
331 3907 461 3986 καθαρὰν
483 3901 599 3981 ποιῆσαι
623 3909 675 3982 τῖον
699 3908 782 3972 πόλιν
805 3907 853 3971 καῖ
878 3909 942 3979 τοὺς
961 3908 1076 3980 λοιποὺς
1089 3908 1212 3981 πολίτας

129 4014 173 4077 ἐπ
196 4019 299 4100 &parba
322 4017 371 4092 aad
395 4009 572 4092 braunadum
595 4017 754 4096 τραπέσθαι
778 4017 809 4100 (l.
833 4018 1038 4099 προτρέπεσθαι
1050 4043 1122 4084 oum
1133 4019 1214 4105 Kay-

129 4131 206 4213 sero)
236 4130 286 4194 κα1
309 4134 433 4194 τοιαῦτα
450 4128 587 4205 λέγοντες
605 4133 637 4195 οὐ
656 4135 781 4195 τοιαῦτα
793 4137 881 4195 ποιεῖν
892 4130 1038 4210 ε’τὸλμοον,
1050 4134 1087 4204 ὡς
1099 4134 1157 4209 ἐγὼ
1168 4171 1212 4182 -

132 4239 190 4316 περὶ
220 4245 275 4306 τῶν
307 4241 447 4320 ὑμετέροιν
479 4240 581 4324 (ὑμαῖς)
612 4243 778 4318 οὶναμνῆσαι
809 4239 992 4321 πειράσομαι.
1039 4243 1121 4309 Fieri
1152 4268 1213 4309 non

134 4356 247 4429 potest,
273 4358 308 4416 ut
330 4351 360 4416 δέ
381 4359 452 4434 post
473 4348 638 4430 φάσκοντες
663 4353 797 4436 positum
820 4353 928 4436 iungat
951 4355 1059 4433 relapsi
1083 4356 1160 4427 ὄντες
1184 4367 1215 4421 et

133 4459 311 4539 Φάσκοντες,
336 4462 419 4545 quod
442 4462 600 4546 apparebit
624 4463 649 4526 si
673 4464 747 4527 haee
769 4466 801 4526 in
824 4474 936 4529 rectam
960 4468 1130 4531 orationem
1146 4491 1216 4531 oon·

1074 4583 1094 4640 6
