3126 5210
674 452 737 514 323

155 660 262 716 orator
281 657 441 736 postquam
464 651 609 736 Ergocles
633 649 735 714 iussus
752 656 831 714 esset
848 671 971 714 causam
992 649 1122 714 Athenis
1138 650 1253 728 dicere,

159 770 197 826 ut
228 761 346 825 scilicet
377 763 475 826 minas
507 769 537 824 ct
564 760 734 824 calumnias
758 761 870 824 civium
895 767 1088 826 contemnere
1112 769 1253 845 possent,

159 873 296 958 pertinet
325 871 362 934 ad
383 878 488 957 primo
511 870 716 957 expeditionis
740 870 837 947 facta;
862 870 900 934 cl.
925 869 1004 935 Xen.
1030 871 1051 935 l.
1077 872 1096 935 l.
1122 871 1254 955 (brevius
1302 923 1306 930 .

160 981 321 1045 Diodorus
347 984 397 1045 14.
424 984 495 1063 94);
520 989 551 1045 et
568 980 628 1044 sibi
647 1001 810 1064 occupasse
829 979 1056 1064 Thrasybulum
1074 981 1255 1066 Byzantium

162 1113 226 1156 non
258 1098 305 1154 est
335 1091 510 1175 probabile,
543 1091 569 1154 si
597 1090 734 1154 conteras
759 1090 974 1174 Xenophontis
999 1092 1179 1157 relationem
1203 1093 1257 1176 qui

162 1199 362 1280 μετέστησεν,
392 1203 513 1287 inquit,
545 1201 578 1278 ἐξ
606 1203 786 1281 ὀλιγαρχίας
810 1204 850 1273 είς
868 1202 902 1267 τδ
925 1202 1164 1283 δημοκρατεῖσθαι
1191 1203 1257 1274 τοὺς

162 1311 354 1392 Βυζαντίους,
373 1310 441 1376 ὥστ’
462 1313 513 1376 οὐκ
532 1311 672 1391 οίχίεινῶς
692 1311 763 1392 ἑοίρα
783 1311 796 1375 ὅ
815 1317 871 1376 τῶν
891 1312 1050 1393 Βυζαντίων
1070 1312 1158 1388 δῆμος
1177 1314 1259 1386 Ἀθη-

163 1424 258 1493 ναίονς
289 1419 332 1485 ίτι
368 1420 524 1492 πλείστους
548 1419 695 1500 παρόντας
719 1421 748 1485 ἕν
770 1431 807 1502 τῇ
831 1421 914 1486 τίλει
939 1423 966 1505 (d
989 1423 1060 1504 3ί);
1085 1430 1152 1485 tum
1175 1423 1258 1506 quod

164 1533 280 1596 dicitur
303 1529 450 1614 ltrgoclcs
474 1529 612 1594 civitates
636 1530 807 1615 prodidisse
824 1530 933 1614 (τίλεις
953 1531 1141 1616 σροδεδωκιίς)
1162 1532 1258 1596 eidem

164 1641 369 1728 exaggerandi
401 1639 505 1704 studio
534 1641 691 1718 adscribo,
716 1640 795 1704 nihil
818 1641 946 1704 fortasse
973 1642 1142 1719 commisit,
1168 1664 1259 1725 quam

164 1754 248 1839 quod
279 1753 312 1816 in
343 1759 482 1835 tempore
515 1751 605 1814 sociis
637 1750 766 1814 urbibus
795 1771 858 1812 non
883 1750 1069 1815 subvenerit.
1117 1750 1261 1816 Ceterum

165 1863 288 1949 Ergocli
308 1862 422 1925 crimen
443 1860 569 1943 aliquod
589 1859 719 1944 capitale
739 1859 823 1923 velut
844 1861 1005 1944 peculatus
1023 1862 1089 1924 iure
1106 1862 1261 1926 obiectum

166 1976 259 2039 fuisse
283 1973 353 2057 quis
377 1971 491 2034 infitias
515 1971 559 2034 ire
584 1969 718 2034 audeat?
762 1971 933 2035 Damnatus
955 1980 1001 2034 est
1021 1973 1129 2056 utique
1137 1998 1146 2050 3
1167 1973 1260 2036 duces

166 2094 268 2149 antem
292 2081 372 2146 male
395 2087 584 2144 sustentatos
608 2080 784 2145 domesticis
810 2083 920 2166 opibus
945 2082 1076 2146 subinde
1100 2105 1189 2166 aegre
1212 2090 1261 2146 tu·

166 2198 254 2273 lisso,
280 2195 306 2257 si
331 2214 348 2255 a
371 2192 484 2276 populo
509 2192 825 2276 reprehenderentur,
849 2203 879 2256 et
908 2216 970 2257 non
999 2215 1117 2278 semper
1142 2195 1258 2259 civibus

167 2309 218 2393 qui
243 2305 326 2370 domi
349 2309 437 2366 erant
456 2301 636 2385 obsequium
653 2303 840 2385 praestitisse
859 2303 987 2366 historia
1002 2311 1174 2389 temporum
1191 2305 1260 2369 sub·

166 2423 339 2480 secutorum
371 2413 444 2476 satis
476 2412 581 2491 docet;
612 2413 727 2478 malum
759 2413 797 2476 ab
829 2414 877 2477 his
905 2415 999 2478 initiis
1023 2416 1192 2500 profectum
1217 2417 1261 2480 ita

166 2526 276 2590 deinde
298 2531 471 2608 grassatum
496 2529 559 2599 est,
585 2531 622 2587 ut
644 2523 759 2588 Chares
776 2534 806 2587 et
823 2523 1024 2590 Charidemus
1041 2529 1130 2592 etiam
1149 2529 1259 2591 exteris

166 2635 340 2700 civitatibus
363 2655 485 2717 operam
510 2655 598 2696 suam
623 2633 770 2698 locarent.

211 2744 350 2828 Ergoclis
382 2743 508 2805 crimina
536 2743 625 2826 plura
654 2753 932 2810 commemorantur
961 2747 1139 2831 peculatus,
1165 2749 1260 2813 socio·

168 2879 235 2920 rum
265 2854 403 2930 vexatio,
437 2855 630 2918 contumacia
659 2877 732 2939 erga
755 2858 968 2941 magistratus,
994 2860 1031 2923 cf.
1055 2861 1072 2943 d
1097 2862 1132 2936 l,
1159 2863 1195 2936 3,
1223 2863 1260 2937 5,

171 2968 227 3042 ll,
263 2966 314 3028 17.
362 2965 465 3027 Etiam
503 2965 594 3043 δημον
629 2968 822 3040 καταλύσεως
857 2970 971 3033 crimen
1002 2972 1030 3034 ei
1053 2970 1260 3036 obiiciendum

167 3099 231 3140 esse
263 3076 399 3139 evincere
432 3082 561 3140 conatur
591 3083 694 3140 orator
725 3079 742 3160 d
777 3080 833 3140 ll:
858 3075 936 3150 ὅστις
960 3081 988 3142 ἐν
1008 3080 1136 3162 τοσαύτη
1158 3083 1263 3164 οίσορίρ

166 3191 221 3250 τῶν
253 3186 397 3264 ὑμετέρων
428 3186 615 3263 πραγμάτων
645 3186 661 3261 ἢ
690 3187 789 3260 πόλεις
812 3189 975 3268 προδίδωσιν
998 3189 1014 3264 ἢ
1034 3193 1181 3269 χρηματα
1199 3193 1264 3256 κλί-

167 3321 249 3360 ττειν
270 3295 286 3368 ἢ
310 3295 465 3374 δωροδοκεῖν
489 3294 579 3371 οὶξιοῑ,
606 3292 686 3368 οὗτος
710 3300 759 3361 καί
783 3299 824 3362 τοὶ
847 3300 935 3378 τείχη
958 3300 1008 3364 καί
1031 3300 1086 3371 τοὶς
1110 3307 1180 3372 ναῦς
1204 3309 1262 3374 τοῖς

166 3405 315 3480 πολεμίοις
347 3405 493 3484 τροδιδονσι
523 3406 571 3469 καί
603 3409 832 3487 ὀλιχαρχίαν
862 3410 899 3472 εἰι
930 3410 1175 3491 δημοκρατίας
1206 3437 1264 3476 κα-

166 3515 347 3589 θίστησιν,
372 3514 410 3578 de
434 3516 548 3598 quibus
572 3517 717 3580 omnibus
742 3540 796 3602 per
819 3519 1010 3596 είςοοννελίοον
1032 3521 1090 3604 (διαὶ
1106 3524 1158 3595 την
1170 3522 1263 3602 τροίην

169 3624 327 3698 ἐκκλησίαν
349 3627 366 3708 d
390 3628 421 3708 9)
446 3626 557 3709 agitur.
605 3627 713 3691 Oratio
738 3636 785 3692 est-
810 3651 876 3692 vere
899 3629 1044 3714 Lysiaca,
1069 3641 1104 3694 nt
1120 3630 1263 3696 dictionis

170 3733 488 3820 proprietasioptime
518 3735 618 3800 docet.
665 3735 737 3802 Non
770 3760 787 3801 a
817 3738 911 3823 Lysia
934 3740 1077 3805 abhorret
1099 3742 1263 3827 hyperbole

172 3845 190 3927 d
216 3845 233 3905 1
259 3841 326 3907 ὥστ’
349 3847 399 3910 οὐκ
422 3842 458 3908 dv
480 3871 529 3922 μοι
548 3847 625 3911 δοκεῖ
642 3847 779 3913 δύνασθαι
797 3847 957 3930 Ἐργοκλῆς
977 3852 1046 3933 ὑπὲρ
1063 3852 1121 3926 ἑνὸς
1141 3849 1263 3918 ἕκαστον

172 3958 227 4016 τῶν
255 3952 471 4032 πεπραγμένον
502 3958 583 4037 αὐτῷ
614 3956 759 4030 πολλάκις
788 3960 937 4024 οίσοθανιδν
960 3961 1054 4026 δοῦναι
1077 3963 1155 4037 δίκην
1177 3962 1264 4038 οὶξίαν

172 4064 213 4141 τῷ
244 4061 369 4142 ὑμετέρῳ
402 4064 522 4140 πλήθει,
550 4066 587 4128 cf.
615 4069 668 4130 lt.
693 4069 732 4133 37
745 4093 753 4144 ;
779 4069 913 4133 sectione
942 4074 960 4132 3
985 4072 1162 4154 ὀργίζεσθαι,
1186 4097 1263 4138 reve-

172 4193 241 4236 νιινιο
265 4195 297 4234 sc
318 4175 447 4236 iudicem
466 4177 632 4257 praebere,
656 4177 693 4240 cf.
718 4177 757 4240 ad
782 4182 834 4242 26.
862 4183 920 4257 143
949 4182 966 4266 d
993 4185 1010 4243 5
1035 4181 1135 4256 σίλλος
1158 4209 1191 4248 τε
1214 4187 1265 4249 καί
1304 4243 1308 4251 .

173 4281 264 4344 initio
296 4283 463 4346 sententiae
495 4285 647 4367 positum,
679 4287 717 4350 cf.
743 4289 780 4350 ad
807 4291 857 4354 19.
886 4293 942 4369 13,
970 4315 999 4375 p.
1027 4295 1104 4371 138;
1134 4296 1151 4378 d
1176 4295 1194 4355 6
1218 4293 1263 4359 ίνα

172 4392 262 4455 initio
294 4390 427 4456 directae
458 4395 622 4458 orationis:
655 4394 688 4461 ἵν’
716 4402 811 4464 αὐτῶν
838 4401 980 4486 ε’κκίψης,
1004 4403 1080 4486 ἔφη,
1105 4405 1162 4476 τοὶς
1184 4429 1265 4469 σνκο-
