3074 5210
703 463 760 525 lll

159 663 387 748 κατηγόρηκα.
433 663 553 727 Primus
577 660 821 726 Archestratides
844 658 997 724 accusavit
1016 660 1207 728 Alcibiadem
1228 663 1278 730 cf„

163 783 227 844 14.
253 781 298 856 3,
326 775 376 842 oui
390 780 518 859 uterque
533 780 635 838 orator
650 795 682 838 se
698 794 787 858 opem
802 771 880 837 ferre
897 773 1054 838 accusanti
1071 773 1147 840 dicit
1160 775 1199 839 cl.
1219 778 1270 839 15.

162 894 239 968 12,
268 895 311 954 ut
333 887 415 973 prior
437 887 533 950 oratio
557 883 765 970 deuterologia
788 884 845 963 sit,
871 883 965 948 altera
987 884 1151 972 tritologia.
1185 886 1274 951 Uter·

161 1025 238 1087 que
275 998 372 1062 etiam
400 995 567 1061 Alcibiadis
590 994 764 1060 inimicitias
788 995 890 1081 palam
912 1017 984 1080 prae
1008 1017 1040 1059 se
1058 995 1124 1061 fert.
1168 995 1214 1062 of.
1237 997 1270 1062 ll.

161 1113 204 1176 ll.
238 1110 391 1175 Ceterum
414 1115 592 1194 argumento
616 1107 778 1172 dissimiles
802 1112 875 1171 sunt
900 1105 979 1171 inter
1002 1129 1043 1171 se.
1082 1106 1171 1172 Prior
1191 1108 1273 1173 iusta

163 1231 201 1288 et
230 1223 333 1307 plena
356 1228 401 1284 est
423 1221 576 1284 accusatio
583 1246 593 1298 ,-
617 1220 714 1285 altera
735 1225 872 1283 versatur
894 1218 926 1282 in
950 1239 1003 1296 eo,
1021 1224 1057 1282 ut
1072 1219 1200 1298 milites,
1218 1221 1272 1305 qui

164 1334 205 1397 in
233 1333 300 1396 hac
325 1353 415 1396 causa
436 1331 554 1396 iudices
578 1331 718 1409 sedeant,
744 1330 782 1395 ab
806 1329 953 1414 obsequio
977 1330 1136 1414 strategis,
1161 1333 1272 1416 praesi-

166 1445 278 1508 dibus
303 1442 428 1519 iudicii,
452 1442 635 1528 praestando
660 1442 752 1506 alieni
774 1441 951 1505 reddantur.
986 1440 1107 1506 Etenim
1125 1441 1158 1504 hi
1173 1441 1274 1505 faven-

166 1563 224 1619 tes
263 1553 418 1618 Alcibiadi
450 1554 634 1618 simulabant
665 1577 721 1618 sua
751 1552 932 1616 auctoritate
963 1551 1171 1628 Alcibiadem,
1203 1573 1271 1616 cum

169 1667 267 1728 inter
291 1663 410 1748 pedites
434 1666 462 1727 ei
484 1663 679 1728 militandum
703 1670 800 1741 esset,
826 1662 864 1726 ad
888 1663 1007 1746 equites
1022 1661 1194 1739 transiisse,
1212 1683 1273 1746 quo

173 1796 312 1839 omnem
335 1775 455 1861 eulpam
478 1775 516 1840 ab
540 1775 698 1840 Alcibiade
720 1776 752 1839 in
776 1797 807 1838 se
830 1774 1038 1837 transferrent.
1078 1772 1162 1836 Haec
1176 1772 1274 1856 igitur

173 1885 316 1951 materie
340 1907 357 1947 a
379 1884 532 1970 superiore
555 1886 691 1950 oratioue
714 1885 757 1948 sic
780 1883 898 1948 diversa
922 1890 1012 1961 sunt,
1037 1891 1196 1946 attamen
1211 1905 1274 1946 non

175 1995 369 2062 incredibile
407 1997 464 2074 sit,
500 1995 555 2060 has
594 1997 745 2062 orationes
783 1995 817 2059 in
847 1995 951 2059 eadem
983 2015 1074 2058 causa
1105 2017 1122 2058 a
1153 1992 1274 2058 duobus

176 2105 349 2194 synagoris
370 2107 586 2192 pronunciatus
609 2129 683 2172 esse.
714 2105 745 2170 N
747 2128 795 2170 am
810 2127 847 2170 en
861 2104 1059 2189 inscriptione
1075 2105 1275 2190 (ἀστρατείας)

177 2220 313 2283 diversa
334 2216 412 2280 nihil
435 2223 537 2301 potest
560 2217 653 2295 effioi;
678 2239 713 2281 ea
736 2216 818 2281 enim
841 2215 867 2278 si
888 2214 937 2278 vel
952 2213 1082 2278 maxime
1099 2213 1136 2278 ab
1153 2223 1276 2280 auctore
1326 2251 1329 2254 ·

178 2328 330 2416 prolecta
353 2334 447 2405 esset,
471 2334 574 2391 tamen
596 2348 659 2391 non
683 2333 862 2411 sequeretur
885 2325 918 2388 in
938 2323 998 2388 alia
1014 2346 1104 2387 eausa
1120 2325 1198 2390 hanc
1214 2350 1277 2391 ora-

175 2443 308 2506 tionem
339 2438 475 2503 habitam
506 2461 599 2522 quam
630 2438 834 2525 superiorem3
867 2435 1017 2520 siquidem
1047 2437 1215 2514 λιποταξίου
1246 2447 1276 2503 et

176 2550 370 2632 ἀστρατείας
394 2551 520 2614 crimina
542 2573 605 2615 una
627 2551 693 2636 lege
717 2549 952 2615 continebantur
957 2575 966 2626 ;
986 2556 1016 2612 et
1030 2548 1198 2626 λιποταξίου
1214 2573 1276 2614 non

177 2667 316 2728 tantum
337 2661 469 2746 pertinet
492 2661 530 2725 ad
554 2684 604 2726 eos
628 2663 682 2748 qui
704 2662 867 2746 fugerunt,
893 2659 946 2724 sed
967 2658 1004 2723 ad
1026 2659 1096 2724 illos
1113 2661 1204 2724 etiam
1220 2663 1274 2744 qui

177 2773 319 2841 nomina
347 2797 410 2838 non
440 2773 590 2838 dederunt
620 2775 697 2859 (τοὺς
719 2772 944 2855 οίττρατειίπους)
969 2771 1075 2835 eodem
1097 2771 1188 2835 modo
1213 2795 1274 2856 quo

177 2885 416 2966 λιπομαρτυρίου
438 2885 500 2959 δίαν
520 2891 566 2948 est
588 2885 620 2949 in
644 2907 714 2949 eum
737 2883 792 2969 qui
815 2881 964 2947 indicium
987 2887 1122 2957 recusat,
1145 2903 1206 2946 non
1224 2883 1277 2966 qui

179 3004 370 3080 susceptum
394 2995 587 3078 derelinquit.
627 2993 674 3058 Ol.
699 3016 792 3080 supra
815 2992 854 3057 ad
877 2992 1001 3057 initium
1025 3013 1067 3055 or.
1094 2994 1145 3054 lt.

236 3106 312 3170 Nou
334 3129 459 3192 possum
483 3107 621 3171 assentiri
643 3106 741 3170 Bakio
765 3115 847 3170 certo
871 3103 1071 3168 demonstrari
1094 3104 1217 3188 putanti
1237 3104 1279 3168 al-

180 3229 292 3286 teram
322 3219 490 3282 orationem
512 3241 575 3283 non
599 3241 664 3282 esse
686 3217 814 3303 Lysiae,
838 3217 864 3281 si
887 3216 1083 3281 conferantur
1105 3214 1196 3279 verba
1218 3216 1234 3299 q
1257 3218 1276 3277 9

180 3323 358 3412 μεμυῆσθαι
387 3331 446 3410 χρὴ
477 3326 519 3394 ίτι
541 3331 572 3394 οὐ
604 3329 837 3407 νομοίετήτοντες
865 3326 928 3409 περὶ
956 3328 1050 3392 αὐτῶν
1073 3324 1173 3402 ἥκετε,
1194 3326 1278 3390 ἄλλα

181 3439 277 3508 κατὰ
298 3439 363 3513 τοὺς
386 3437 529 3518 κειμένους
550 3438 650 3522 νόμους
672 3437 864 3522 ψηφιούμενοι
887 3460 958 3502 cum
982 3435 1067 3501 Orat.
1092 3437 1118 3500 I.
1138 3439 1155 3522 t
1174 3440 1212 3499 A:
1236 3438 1278 3515 ub

183 3550 280 3634 μόνον
302 3550 460 3626 δικαστοίς,
484 3550 568 3616 ἄλλα
590 3551 639 3615 καὶ
664 3551 816 3629 νομοθέτας
839 3549 944 3622 αὐτοὺς
967 3548 1110 3626 γενέσθαι.
1157 3546 1280 3632 Lysiam

186 3662 317 3729 duobus
351 3684 511 3728 causarum
545 3662 682 3747 patronis
712 3662 865 3726 orationes
899 3659 1081 3725 scribentem
1111 3659 1281 3746 pugnantia

185 3778 278 3841 inter
300 3795 331 3838 se
355 3795 467 3858 ponere
489 3773 630 3858 religioni
645 3794 708 3836 non
723 3773 867 3838 habuisse
876 3822 885 3852 ,
901 3771 993 3836 modo
1009 3769 1107 3837 eidem
1123 3770 1279 3856 proposito

186 3885 393 3963 inservirent,
418 3908 481 3950 non
504 3885 610 3963 miror3
635 3907 698 3949 non
719 3885 799 3949 enim
820 3884 852 3948 in
868 3884 994 3948 histem
1014 3883 1187 3966 quaeritur,
1206 3880 1281 3965 quid

188 4019 302 4062 verum
323 3995 363 4059 sit
386 4017 477 4080 quarn
501 3994 576 4079 quid
601 4017 709 4059 causae
732 3995 893 4059 conducat.
919 3993 1072 4077 ¹Utroque
1095 3999 1197 4056 autem
1213 3990 1280 4054 loco

189 4107 237 4174 ad
261 4107 452 4171 severitatem
476 4112 507 4170 et
529 4106 710 4190 obsequium
727 4106 829 4190 legum
847 4106 1016 4170 incitantur
1030 4103 1163 4181 iudices;
1181 4102 1281 4187 priore

190 4239 237 4283 ne
264 4217 362 4302 legem
389 4217 480 4281 nimis
504 4204 629 4281 credant
652 4217 760 4281 duram
785 4217 1005 4296 admonentur,
1029 4215 1123 4279 altero
1147 4223 1182 4278 ut
1205 4213 1282 4276 fidos

196 4350 235 4393 se
259 4327 396 4391 eiusdem
419 4325 585 4412 praebeant
607 4328 779 4406 ministros,
804 4350 858 4412 per
881 4347 957 4410 quos
979 4326 1028 4389 ius
1050 4326 1158 4389 valeat.
1197 4323 1283 4406 Simi·
1341 4342 1344 4347 ·

192 4441 258 4504 lem
289 4437 523 4523 repugnantiam
554 4437 689 4503 invenias
721 4438 799 4500 infra
830 4459 872 4500 or.
906 4437 957 4499 24.
991 4438 1048 4512 25,
1082 4435 1151 4498 coll.
1182 4437 1198 4519 t
1230 4436 1281 4497 15.
