3126 5210
684 467 744 527 ddi

152 667 288 749 γραφήν
319 673 514 752 repetuntur,
547 665 739 743 obtinuerat,
772 672 808 730 ut
839 672 983 750 appareat
1015 687 1047 729 re
1078 685 1149 728 vera
1182 663 1262 729 bona

153 778 307 862 Ergoolis
339 801 356 840 a
386 777 560 841 Philocrate
591 798 673 841 nuuc
705 775 853 862 possideri
884 784 914 840 et
948 776 1013 840 iure
1040 775 1078 840 ab
1103 797 1138 840 eo
1162 774 1260 860 exigi3

154 889 221 953 sed
253 895 313 953 tarn
345 889 452 974 paucis
476 886 592 965 verbis,
618 893 654 950 ut
677 885 724 950 vel
749 908 802 971 per
825 887 970 971 temporis
995 893 1183 950 momentum
1207 885 1263 948 mi-

153 1022 225 1063 nus
258 1003 408 1062 attentum
440 996 571 1062 iudicem
603 997 705 1082 potior
729 1019 798 1082 pars
822 995 1091 1062 demonstrationis
1115 996 1263 1082 effugeret

153 1131 289 1173 necesse
312 1123 400 1172 esset.
448 1107 489 1172 m
512 1108 581 1192 quis
605 1114 675 1193 post
697 1108 803 1173 breves
827 1107 896 1172 illas
921 1107 1175 1194 interrogationes
1198 1128 1261 1172 uon

155 1226 340 1304 exspectet,
373 1226 409 1282 ut
441 1218 631 1283 familiaritas
663 1218 773 1283 horum
805 1219 938 1284 virorum
966 1219 1046 1284 iuter
1069 1241 1116 1296 se,
1141 1241 1177 1283 cx
1201 1241 1261 1304 qua

155 1331 267 1394 omnis
298 1329 517 1394 demonstratio
546 1329 679 1415 petenda
702 1339 784 1408 erat,
813 1331 942 1416 amplius
967 1330 1110 1416 deinceps
1134 1353 1264 1416 expone-

154 1440 273 1505 retur?
307 1440 385 1504 Tota
409 1463 500 1505 causa
523 1441 556 1505 in
575 1441 633 1505 hoc
650 1442 794 1506 vertitur:
813 1441 1001 1506 Philocrates
1019 1442 1077 1506 fuit
1093 1442 1264 1506 familiaris·

155 1553 262 1616 simus
285 1552 442 1637 Ergoclis3
468 1576 504 1618 ea
529 1552 666 1638 Ergcclis
690 1576 723 1617 re
745 1553 890 1618 familiari
914 1555 1086 1640 proscripta
1109 1554 1212 1617 minus
1229 1553 1260 1617 in

156 1665 318 1728 aerarium
347 1665 455 1742 rediit,
488 1687 580 1749 quam
612 1666 723 1730 habere
755 1665 845 1729 illum
876 1673 985 1728 notum
1017 1673 1099 1742 erat;
1124 1665 1220 1747 igitur
1245 1687 1262 1726 a

157 1775 339 1840 Philocrate
370 1777 534 1862 repetenda
566 1787 656 1854 sunt,
694 1799 773 1860 quae
809 1775 931 1840 desunt.
980 1775 1062 1839 Huic
1093 1776 1263 1839 sententiae

160 1887 187 1950 si
223 1886 333 1951 saltem
364 1887 493 1971 speciem
527 1887 589 1950 veri
621 1886 783 1950 conciliare
817 1886 962 1950 voluisset
994 1895 1111 1964 orator,
1142 1885 1265 1950 demon·

164 1997 329 2062 strandum
358 2006 422 2061 erat
449 1997 611 2081 Ergoolem
634 2019 666 2060 re
691 2019 761 2060 vera
785 1997 955 2082 possedisse
979 1997 1106 2081 triginta
1129 1997 1262 2076 talenta,

160 2131 317 2173 summam
355 2108 500 2192 pecuniae
532 2108 629 2172 multo
661 2109 806 2172 maiorem
839 2131 932 2192 quam
966 2131 1044 2193 quae
1076 2132 1111 2172 eo
1142 2117 1263 2174 mortuo

159 2221 293 2282 inventa
323 2228 415 2297 esset;
448 2228 515 2283 tum
546 2219 625 2283 nihil
657 2219 800 2282 hahuisse
831 2220 921 2283 initio
950 2218 1155 2283 Philocratem
1180 2227 1264 2284 ante-

162 2352 258 2414 quam
282 2352 353 2394 cum
376 2330 506 2416 Ergocle
523 2332 629 2395 urbem
646 2330 838 2415 reliquisset;
856 2330 966 2394 deinde
983 2332 1160 2396 testimonia
1175 2339 1263 2396 crant

164 2440 336 2518 afferenda3
369 2442 422 2506 sed
453 2442 575 2506 nullum
599 2442 755 2505 recitatur.
801 2439 908 2504 Oratio
932 2442 1003 2505 talis
1027 2451 1092 2520 est,
1117 2448 1153 2506 ut
1177 2441 1265 2506 dubi-

165 2559 283 2616 tantem
307 2552 345 2617 de
368 2553 495 2617 veritate
519 2553 681 2617 delationis
705 2553 837 2618 iudicem
859 2575 980 2617 movere
1004 2553 1100 2638 possit
1122 2552 1260 2644 nullum,

163 2664 344 2727 confirmare
360 2664 495 2728 *fortasse
520 2665 760 2749 praeindicatam
783 2665 958 2750 opinionem
983 2667 1113 2742 civium,
1139 2664 1193 2748 qui
1210 2688 1263 2749 per

162 2774 210 2838 fas
234 2781 266 2837 et
287 2775 371 2838 nefas
395 2775 542 2840 ditescere
563 2777 711 2840 aerarium
732 2776 868 2862 cupiant.
910 2775 975 2841 Nec
992 2798 1103 2860 magno
1120 2776 1261 2839 acumine

163 2907 244 2968 opus
272 2890 337 2948 erat
367 2884 557 2963 adversario,
591 2887 645 2970 qui
676 2895 781 2971 postea
809 2886 935 2951 verbum
960 2887 1096 2951 facturus
1121 2895 1201 2965 erat,
1227 2893 1263 2951 ut

163 2993 287 3076 singula
310 2995 491 3080 infringeret
515 3019 549 3060 ac
573 2997 755 3061 debilitaret.
798 2997 941 3061 Miseram
966 3019 1054 3062 suem
1077 3006 1189 3062 sortem
1214 2997 1263 3062 de·

163 3103 285 3187 plorare
308 3112 428 3188 poteret
451 3105 658 3184 Philocrates,
685 3107 738 3192 qui
763 3129 859 3190 quum
883 3131 918 3172 eo
942 3117 1079 3193 tempore
1103 3131 1164 3194 quo
1189 3131 1263 3192 opu·

162 3213 309 3278 lentiores
329 3216 408 3279 cives
428 3217 623 3281 trierarchiae
639 3218 792 3302 impensas
813 3217 1001 3302 effugerant,
1020 3219 1114 3283 saluti
1131 3219 1262 3282 civitatis

164 3324 269 3388 omnia
310 3327 555 3410 posthabuisset,
596 3351 679 3392 nunc
718 3335 879 3413 propterea
918 3329 1073 3393 civitatem
1112 3329 1264 3415 depilassc

164 3442 258 3520 atque
282 3435 477 3500 defraudasse
501 3446 675 3502 censeretur
683 3464 692 3516 ;
718 3446 838 3522 poterat
862 3447 1036 3524 praetexere
1058 3462 1122 3504 non
1143 3463 1175 3504 se
1192 3441 1264 3504 ami·

163 3546 255 3610 citiae
286 3548 338 3611 sed
369 3549 556 3634 reipublicae
588 3573 679 3614 causa
702 3557 823 3614 sumtus
848 3550 1043 3615 trierarchiae
1067 3551 1260 3626 toleravisse,

165 3663 197 3720 et
228 3659 410 3722 contendere
440 3681 502 3724 non
535 3682 677 3745 magnam
707 3660 945 3724 familiaritatem
977 3685 1008 3726 se
1037 3684 1107 3726 cum
1131 3661 1261 3745 Ergoclc

166 3767 301 3831 iunxisse
322 3771 349 3852 (d
367 3771 406 3852 7).
444 3769 527 3832 Haec
544 3777 574 3833 et
594 3771 706 3834 similia
726 3793 796 3835 eum
815 3771 970 3836 facturum
991 3779 1072 3836 certo
1092 3772 1261 3856 praevideri

165 3885 287 3963 poterat
295 3905 303 3956 ;
336 3902 435 3964 neque
459 3881 540 3945 enim
564 3881 601 3945 de
624 3881 717 3960 „lana
741 3883 885 3968 caprina”
909 3891 973 3947 erat
998 3890 1122 3947 acturus
1147 3883 1199 3946 sed
1224 3883 1261 3946 de

166 4009 200 4052 re
223 3987 365 4053 familiari
389 3999 455 4054 tota
478 4002 508 4055 et
532 3992 569 4055 de
594 4016 650 4056 sua
674 3995 897 4058 existimatione
914 4002 978 4058 erat
994 4002 1183 4071 certaturus,
1200 3994 1261 4058 imo

166 4098 216 4164 τὸν
239 4101 301 4180 περὶ
324 4109 427 4182 ψυχῆς
451 4107 554 4179 ἀγῶνα
576 4103 690 4184 τρέχειν
714 4103 842 4181 ἔμελλε,
867 4105 893 4167 si
915 4127 1004 4169 aures
1027 4114 1133 4169 nostro
1150 4106 1262 4169 oratori

166 4209 284 4274 iudices
319 4213 499 4297 praeberent
530 4215 557 4298 (b
592 4218 651 4300 ll).
699 4216 747 4278 Ad
781 4215 856 4279 haec
888 4215 1052 4280 adversarii
1083 4225 1263 4300 argumenta

167 4323 375 4406 praecavenda
406 4325 530 4388 minime
561 4325 673 4390 sufficit
705 4327 779 4391 haec
812 4327 1013 4392 oratiuncula.
1062 4330 1168 4393 Unum
1200 4329 1261 4391 fere

169 4441 233 4495 erat
258 4435 370 4496 crimen
395 4435 476 4518 quod
501 4436 615 4500 iustam
640 4437 815 4502 admitteret
838 4437 1147 4516 demonstrationem
1173 4461 1263 4525 pecu-

1086 4558 1142 4612 15*
