<?xml version="1.0" encoding="UTF-8"?>
<!DOCTYPE html PUBLIC "-//W3C//DTD XHTML 1.0 Transitional//EN"
    "http://www.w3.org/TR/xhtml1/DTD/xhtml1-transitional.dtd">
<html xmlns="http://www.w3.org/1999/xhtml" xml:lang="en" lang="en">
 <head>
  <title>
</title>
<meta http-equiv="Content-Type" content="text/html;charset=utf-8" />
  <meta name='ocr-system' content='tesseract 3.04.00' />
  <meta name='ocr-capabilities' content='ocr_page ocr_carea ocr_par ocr_line ocrx_word'/>
</head>
<body>
  <div class='ocr_page' id='page_1' title='image "./commentationesl02frangoog_0029.png"; bbox 0 0 3128 5208; ppageno 0'>
   <div class='ocr_carea' id='block_1_1' title="bbox 289 687 1426 3332">
    <p class='ocr_par' dir='ltr' id='par_1_1' title="bbox 289 687 1426 3332">
     <span class='ocr_line' id='line_1_1' title="bbox 342 687 1426 776; baseline 0.006 -24"><span class='ocrx_word' id='word_1_1' title='bbox 342 711 413 752; x_wconf 91' lang='lat' dir='ltr'><strong>eum</strong></span> <span class='ocrx_word' id='word_1_2' title='bbox 442 689 609 768; x_wconf 78' lang='lat' dir='ltr'><strong>tenuitate,</strong></span> <span class='ocrx_word' id='word_1_3' title='bbox 642 711 733 773; x_wconf 90' lang='lat' dir='ltr'><strong>quam</strong></span> <span class='ocrx_word' id='word_1_4' title='bbox 756 687 934 774; x_wconf 77' lang='lat' dir='ltr'><strong>plenamque</strong></span> <span class='ocrx_word' id='word_1_5' title='bbox 956 689 1063 776; x_wconf 80' lang='lat' dir='ltr'><strong>Lysias</strong></span> <span class='ocrx_word' id='word_1_6' title='bbox 1086 699 1290 772; x_wconf 87' lang='lat' dir='ltr'><strong>consectatur,</strong></span> <span class='ocrx_word' id='word_1_7' title='bbox 1315 715 1426 758; x_wconf 87' lang='lat' dir='ltr'><strong>conve·</strong></span> 
     </span>
     <span class='ocr_line' id='line_1_2' title="bbox 342 794 1425 868; baseline 0.005 -5"><span class='ocrx_word' id='word_1_8' title='bbox 342 801 437 864; x_wconf 90' lang='lat' dir='ltr'><strong>uiant.</strong></span> <span class='ocrx_word' id='word_1_9' title='bbox 473 799 609 864; x_wconf 82' lang='lat' dir='ltr'>Subinde</span> <span class='ocrx_word' id='word_1_10' title='bbox 632 807 733 863; x_wconf 88' lang='lat' dir='ltr'><strong>orator</strong></span> <span class='ocrx_word' id='word_1_11' title='bbox 755 822 791 863; x_wconf 84' lang='lat' dir='ltr'><strong>ex</strong></span> <span class='ocrx_word' id='word_1_12' title='bbox 815 800 988 864; x_wconf 84' lang='lat' dir='ltr'><strong>coniectura</strong></span> <span class='ocrx_word' id='word_1_13' title='bbox 1009 803 1158 867; x_wconf 87' lang='lat' dir='ltr'><strong>rationem</strong></span> <span class='ocrx_word' id='word_1_14' title='bbox 1180 794 1345 868; x_wconf 84' lang='lat' dir='ltr'><strong>concludit</strong></span> <span class='ocrx_word' id='word_1_15' title='bbox 1369 804 1425 868; x_wconf 89' lang='lat' dir='ltr'><strong>Ita</strong></span> 
     </span>
     <span class='ocr_line' id='line_1_3' title="bbox 340 911 1421 1000; baseline 0.005 -26"><span class='ocrx_word' id='word_1_16' title='bbox 340 911 479 982; x_wconf 62' lang='lat' dir='ltr'><strong>diducens</strong></span> <span class='ocrx_word' id='word_1_17' title='bbox 503 911 573 988; x_wconf 90' lang='lat' dir='ltr'><strong>ille,</strong></span> <span class='ocrx_word' id='word_1_18' title='bbox 598 911 647 974; x_wconf 91' lang='lat' dir='ltr'><strong>cui</strong></span> <span class='ocrx_word' id='word_1_19' title='bbox 671 911 783 995; x_wconf 86' lang='lat' dir='ltr'><strong>scripta</strong></span> <span class='ocrx_word' id='word_1_20' title='bbox 805 918 851 974; x_wconf 91' lang='lat' dir='ltr'><strong>est</strong></span> <span class='ocrx_word' id='word_1_21' title='bbox 874 913 969 976; x_wconf 90' lang='lat' dir='ltr'><strong>oratio</strong></span> <span class='ocrx_word' id='word_1_22' title='bbox 994 916 1054 992; x_wconf 71' lang='lat'><strong>24,</strong></span> <span class='ocrx_word' id='word_1_23' title='bbox 1078 916 1095 998; x_wconf 62' lang='lat' dir='ltr'><strong>b</strong></span> <span class='ocrx_word' id='word_1_24' title='bbox 1118 917 1148 993; x_wconf 84' lang='lat'><strong>9,</strong></span> <span class='ocrx_word' id='word_1_25' title='bbox 1172 937 1233 980; x_wconf 91' lang='lat' dir='ltr'><strong>non</strong></span> <span class='ocrx_word' id='word_1_26' title='bbox 1257 937 1313 1000; x_wconf 87' lang='lat' dir='ltr'><strong>ego</strong></span> <span class='ocrx_word' id='word_1_27' title='bbox 1336 938 1421 994; x_wconf 85' lang='lat' dir='ltr'><strong>sum,</strong></span> 
     </span>
     <span class='ocr_line' id='line_1_4' title="bbox 340 1019 1422 1111; baseline 0.007 -29"><span class='ocrx_word' id='word_1_28' title='bbox 340 1021 441 1106; x_wconf 88' lang='lat' dir='ltr'><strong>inquit</strong></span> <span class='ocrx_word' id='word_1_29' title='bbox 449 1069 458 1098; x_wconf 95' lang='lat'><strong>,</strong></span> <span class='ocrx_word' id='word_1_30' title='bbox 483 1019 566 1084; x_wconf 87' lang='lat' dir='ltr'><strong>dives</strong></span> <span class='ocrx_word' id='word_1_31' title='bbox 574 1070 583 1099; x_wconf 91' lang='lat'><strong>,</strong></span> <span class='ocrx_word' id='word_1_32' title='bbox 605 1043 675 1084; x_wconf 88' lang='lat' dir='ltr'><strong>nam</strong></span> <span class='ocrx_word' id='word_1_33' title='bbox 691 1020 878 1086; x_wconf 87' lang='lat' dir='ltr'><strong>adversarius</strong></span> <span class='ocrx_word' id='word_1_34' title='bbox 899 1021 994 1086; x_wconf 90' lang='lat' dir='ltr'><strong>nollet</strong></span> <span class='ocrx_word' id='word_1_35' title='bbox 1008 1046 1128 1088; x_wconf 91' lang='lat' dir='ltr'><strong>mecum</strong></span> <span class='ocrx_word' id='word_1_36' title='bbox 1143 1025 1222 1090; x_wconf 91' lang='lat' dir='ltr'><strong>bona</strong></span> <span class='ocrx_word' id='word_1_37' title='bbox 1237 1033 1422 1111; x_wconf 79' lang='lat' dir='ltr'><strong>permutare.</strong></span> 
     </span>
     <span class='ocr_line' id='line_1_5' title="bbox 339 1131 1423 1201; baseline 0.006 -6"><span class='ocrx_word' id='word_1_38' title='bbox 339 1131 398 1195; x_wconf 84' lang='lat' dir='ltr'><strong>Sed</strong></span> <span class='ocrx_word' id='word_1_39' title='bbox 428 1131 594 1194; x_wconf 87' lang='lat' dir='ltr'><strong>voluntatis</strong></span> <span class='ocrx_word' id='word_1_40' title='bbox 625 1131 808 1194; x_wconf 87' lang='lat' dir='ltr'><strong>accusatoris</strong></span> <span class='ocrx_word' id='word_1_41' title='bbox 839 1131 958 1196; x_wconf 90' lang='lat' dir='ltr'><strong>nullum</strong></span> <span class='ocrx_word' id='word_1_42' title='bbox 987 1142 1050 1198; x_wconf 87' lang='lat' dir='ltr'><strong>erat</strong></span> <span class='ocrx_word' id='word_1_43' title='bbox 1081 1134 1305 1201; x_wconf 88' lang='lat' dir='ltr'><strong>documentum.</strong></span> <span class='ocrx_word' id='word_1_44' title='bbox 1351 1136 1423 1201; x_wconf 92' lang='lat' dir='ltr'><strong>Nec</strong></span> 
     </span>
     <span class='ocr_line' id='line_1_6' title="bbox 339 1241 1421 1332; baseline 0.005 -27"><span class='ocrx_word' id='word_1_45' title='bbox 339 1243 460 1328; x_wconf 85' lang='lat' dir='ltr'><strong>gravius</strong></span> <span class='ocrx_word' id='word_1_46' title='bbox 491 1259 536 1306; x_wconf 87' lang='lat' dir='ltr'><strong>est</strong></span> <span class='ocrx_word' id='word_1_47' title='bbox 564 1241 647 1328; x_wconf 90' lang='lat' dir='ltr'><strong>quod</strong></span> <span class='ocrx_word' id='word_1_48' title='bbox 678 1242 710 1306; x_wconf 91' lang='lat' dir='ltr'><strong>in</strong></span> <span class='ocrx_word' id='word_1_49' title='bbox 741 1241 946 1307; x_wconf 87' lang='lat' dir='ltr'><strong>Nicomaehea</strong></span> <span class='ocrx_word' id='word_1_50' title='bbox 975 1244 1088 1330; x_wconf 84' lang='lat' dir='ltr'><strong>legitur</strong></span> <span class='ocrx_word' id='word_1_51' title='bbox 1116 1248 1186 1332; x_wconf 66' lang='lat' dir='ltr'><strong>ot.</strong></span> <span class='ocrx_word' id='word_1_52' title='bbox 1224 1246 1273 1325; x_wconf 81' lang='lat' dir='ltr'><strong>si,</strong></span> <span class='ocrx_word' id='word_1_53' title='bbox 1296 1247 1421 1332; x_wconf 87' lang='lat' dir='ltr'><strong>inquit,</strong></span> 
     </span>
     <span class='ocr_line' id='line_1_7' title="bbox 338 1354 1421 1438; baseline 0.006 -22"><span class='ocrx_word' id='word_1_54' title='bbox 338 1375 428 1436; x_wconf 83' lang='lat' dir='ltr'><strong>causa</strong></span> <span class='ocrx_word' id='word_1_55' title='bbox 451 1354 568 1438; x_wconf 88' lang='lat' dir='ltr'><strong>privata</strong></span> <span class='ocrx_word' id='word_1_56' title='bbox 591 1364 747 1438; x_wconf 79' lang='lat' dir='ltr'><strong>ageretur,</strong></span> <span class='ocrx_word' id='word_1_57' title='bbox 770 1374 831 1418; x_wconf 90' lang='lat' dir='ltr'><strong>non</strong></span> <span class='ocrx_word' id='word_1_58' title='bbox 856 1355 1008 1438; x_wconf 83' lang='lat' dir='ltr'><strong>integrum</strong></span> <span class='ocrx_word' id='word_1_59' title='bbox 1031 1378 1062 1420; x_wconf 88' lang='lat' dir='ltr'><strong>se</strong></span> <span class='ocrx_word' id='word_1_60' title='bbox 1086 1379 1102 1421; x_wconf 92' lang='lat' dir='ltr'><strong>e</strong></span> <span class='ocrx_word' id='word_1_61' title='bbox 1125 1356 1240 1421; x_wconf 91' lang='lat' dir='ltr'><strong>iudicio</strong></span> <span class='ocrx_word' id='word_1_62' title='bbox 1263 1357 1421 1422; x_wconf 84' lang='lat' dir='ltr'><strong>abiturum</strong></span> 
     </span>
     <span class='ocr_line' id='line_1_8' title="bbox 337 1464 1421 1554; baseline 0.003 -25"><span class='ocrx_word' id='word_1_63' title='bbox 337 1464 544 1530; x_wconf 88' lang='lat' dir='ltr'><strong>Nicomachus</strong></span> <span class='ocrx_word' id='word_1_64' title='bbox 575 1465 726 1543; x_wconf 88' lang='lat' dir='ltr'><strong>crederet;</strong></span> <span class='ocrx_word' id='word_1_65' title='bbox 750 1488 833 1530; x_wconf 90' lang='lat' dir='ltr'><strong>nunc</strong></span> <span class='ocrx_word' id='word_1_66' title='bbox 856 1488 943 1550; x_wconf 86' lang='lat' dir='ltr'><strong>aegre</strong></span> <span class='ocrx_word' id='word_1_67' title='bbox 966 1467 1141 1546; x_wconf 82' lang='lat' dir='ltr'><strong>ferendum,</strong></span> <span class='ocrx_word' id='word_1_68' title='bbox 1166 1469 1246 1554; x_wconf 91' lang='lat' dir='ltr'><strong>quod</strong></span> <span class='ocrx_word' id='word_1_69' title='bbox 1270 1470 1303 1533; x_wconf 94' lang='lat' dir='ltr'><strong>in</strong></span> <span class='ocrx_word' id='word_1_70' title='bbox 1326 1491 1421 1534; x_wconf 89' lang='lat' dir='ltr'><strong>causa</strong></span> 
     </span>
     <span class='ocr_line' id='line_1_9' title="bbox 337 1573 1420 1665; baseline 0.005 -27"><span class='ocrx_word' id='word_1_71' title='bbox 337 1577 460 1662; x_wconf 88' lang='lat' dir='ltr'><strong>publica</strong></span> <span class='ocrx_word' id='word_1_72' title='bbox 482 1573 675 1640; x_wconf 81' lang='lat' dir='ltr'><strong>illaesum&#39;se</strong></span> <span class='ocrx_word' id='word_1_73' title='bbox 699 1575 853 1640; x_wconf 89' lang='lat' dir='ltr'><strong>abiturum</strong></span> <span class='ocrx_word' id='word_1_74' title='bbox 876 1584 985 1662; x_wconf 87' lang='lat' dir='ltr'><strong>sperat.</strong></span> <span class='ocrx_word' id='word_1_75' title='bbox 1033 1577 1117 1642; x_wconf 91' lang='lat' dir='ltr'><strong>Haeo</strong></span> <span class='ocrx_word' id='word_1_76' title='bbox 1140 1602 1325 1665; x_wconf 85' lang='lat' dir='ltr'><strong>quamquem</strong></span> <span class='ocrx_word' id='word_1_77' title='bbox 1346 1601 1420 1664; x_wconf 85' lang='lat' dir='ltr'><strong>pru-</strong></span> 
     </span>
     <span class='ocr_line' id='line_1_10' title="bbox 337 1686 1419 1774; baseline 0.001 -23"><span class='ocrx_word' id='word_1_78' title='bbox 337 1687 479 1753; x_wconf 85' lang='lat' dir='ltr'><strong>dentibus</strong></span> <span class='ocrx_word' id='word_1_79' title='bbox 508 1697 538 1751; x_wconf 86' lang='lat' dir='ltr'><strong>et</strong></span> <span class='ocrx_word' id='word_1_80' title='bbox 561 1686 808 1772; x_wconf 80' lang='lat' dir='ltr'><strong>intellegentibus</strong></span> <span class='ocrx_word' id='word_1_81' title='bbox 832 1709 894 1750; x_wconf 91' lang='lat' dir='ltr'><strong>non</strong></span> <span class='ocrx_word' id='word_1_82' title='bbox 917 1687 1133 1772; x_wconf 88' lang='lat' dir='ltr'><strong>probarentur,</strong></span> <span class='ocrx_word' id='word_1_83' title='bbox 1164 1696 1283 1767; x_wconf 89' lang='lat' dir='ltr'><strong>tamen,</strong></span> <span class='ocrx_word' id='word_1_84' title='bbox 1308 1690 1340 1752; x_wconf 92' lang='lat' dir='ltr'><strong>in</strong></span> <span class='ocrx_word' id='word_1_85' title='bbox 1364 1711 1419 1774; x_wconf 91' lang='lat' dir='ltr'><strong>po-</strong></span> 
     </span>
     <span class='ocr_line' id='line_1_11' title="bbox 336 1797 1418 1885; baseline 0 -21"><span class='ocrx_word' id='word_1_86' title='bbox 336 1801 409 1884; x_wconf 91' lang='lat' dir='ltr'><strong>pulo</strong></span> <span class='ocrx_word' id='word_1_87' title='bbox 433 1821 528 1884; x_wconf 92' lang='lat' dir='ltr'><strong>quum</strong></span> <span class='ocrx_word' id='word_1_88' title='bbox 550 1797 696 1863; x_wconf 90' lang='lat' dir='ltr'><strong>dicuntur</strong></span> <span class='ocrx_word' id='word_1_89' title='bbox 701 1846 710 1876; x_wconf 99' lang='lat'><strong>,</strong></span> <span class='ocrx_word' id='word_1_90' title='bbox 734 1819 891 1861; x_wconf 78' lang='lat' dir='ltr'><strong>assensum</strong></span> <span class='ocrx_word' id='word_1_91' title='bbox 913 1819 1000 1882; x_wconf 90' lang='lat' dir='ltr'><strong>saepe</strong></span> <span class='ocrx_word' id='word_1_92' title='bbox 1015 1797 1133 1876; x_wconf 88' lang='lat' dir='ltr'><strong>ferunt,</strong></span> <span class='ocrx_word' id='word_1_93' title='bbox 1149 1809 1180 1864; x_wconf 86' lang='lat' dir='ltr'><strong>et</strong></span> <span class='ocrx_word' id='word_1_94' title='bbox 1196 1800 1330 1885; x_wconf 89' lang='lat' dir='ltr'><strong>apprime</strong></span> <span class='ocrx_word' id='word_1_95' title='bbox 1345 1823 1418 1864; x_wconf 90' lang='lat' dir='ltr'><strong>cum</strong></span> 
     </span>
     <span class='ocr_line' id='line_1_12' title="bbox 336 1909 1418 1998; baseline 0.001 -23"><span class='ocrx_word' id='word_1_96' title='bbox 336 1911 467 1976; x_wconf 91' lang='lat' dir='ltr'><strong>hominis</strong></span> <span class='ocrx_word' id='word_1_97' title='bbox 490 1933 597 1998; x_wconf 89' lang='lat' dir='ltr'><strong>parum</strong></span> <span class='ocrx_word' id='word_1_98' title='bbox 620 1911 653 1974; x_wconf 93' lang='lat' dir='ltr'><strong>in</strong></span> <span class='ocrx_word' id='word_1_99' title='bbox 674 1911 772 1974; x_wconf 88' lang='lat' dir='ltr'><strong>causis</strong></span> <span class='ocrx_word' id='word_1_100' title='bbox 789 1909 899 1974; x_wconf 89' lang='lat' dir='ltr'><strong>versati</strong></span> <span class='ocrx_word' id='word_1_101' title='bbox 915 1909 1109 1994; x_wconf 85' lang='lat' dir='ltr'><strong>simplicitate</strong></span> <span class='ocrx_word' id='word_1_102' title='bbox 1125 1912 1319 1976; x_wconf 87' lang='lat' dir='ltr'><strong>conveniunt.</strong></span> <span class='ocrx_word' id='word_1_103' title='bbox 1343 1911 1418 1976; x_wconf 84' lang='lat' dir='ltr'><strong>Alia</strong></span> 
     </span>
     <span class='ocr_line' id='line_1_13' title="bbox 334 2019 1417 2105; baseline 0.004 -21"><span class='ocrx_word' id='word_1_104' title='bbox 334 2035 407 2086; x_wconf 87' lang='lat' dir='ltr'><strong>sunt</strong></span> <span class='ocrx_word' id='word_1_105' title='bbox 429 2021 537 2086; x_wconf 91' lang='lat' dir='ltr'><strong>callide</strong></span> <span class='ocrx_word' id='word_1_106' title='bbox 560 2023 700 2099; x_wconf 88' lang='lat' dir='ltr'><strong>inventa,</strong></span> <span class='ocrx_word' id='word_1_107' title='bbox 725 2020 778 2085; x_wconf 86' lang='lat' dir='ltr'><strong>sed</strong></span> <span class='ocrx_word' id='word_1_108' title='bbox 802 2021 900 2104; x_wconf 91' lang='lat' dir='ltr'><strong>specie</strong></span> <span class='ocrx_word' id='word_1_109' title='bbox 925 2019 1048 2105; x_wconf 91' lang='lat' dir='ltr'><strong>quidem</strong></span> <span class='ocrx_word' id='word_1_110' title='bbox 1071 2020 1193 2085; x_wconf 90' lang='lat' dir='ltr'><strong>nullum</strong></span> <span class='ocrx_word' id='word_1_111' title='bbox 1208 2022 1341 2087; x_wconf 89' lang='lat' dir='ltr'><strong>laborem</strong></span> <span class='ocrx_word' id='word_1_112' title='bbox 1356 2046 1417 2088; x_wconf 89' lang='lat' dir='ltr'><strong>uec</strong></span> 
     </span>
     <span class='ocr_line' id='line_1_14' title="bbox 334 2132 1415 2216; baseline 0.003 -20"><span class='ocrx_word' id='word_1_113' title='bbox 334 2133 504 2197; x_wconf 91' lang='lat' dir='ltr'><strong>molestiam</strong></span> <span class='ocrx_word' id='word_1_114' title='bbox 530 2133 661 2210; x_wconf 89' lang='lat' dir='ltr'><strong>babent,</strong></span> <span class='ocrx_word' id='word_1_115' title='bbox 693 2139 748 2210; x_wconf 91' lang='lat' dir='ltr'><strong>ut,</strong></span> <span class='ocrx_word' id='word_1_116' title='bbox 780 2133 917 2216; x_wconf 91' lang='lat' dir='ltr'><strong>quamvis</strong></span> <span class='ocrx_word' id='word_1_117' title='bbox 948 2132 1026 2195; x_wconf 88' lang='lat' dir='ltr'><strong>levia</strong></span> <span class='ocrx_word' id='word_1_118' title='bbox 1056 2132 1094 2196; x_wconf 87' lang='lat' dir='ltr'><strong>ad</strong></span> <span class='ocrx_word' id='word_1_119' title='bbox 1125 2133 1415 2214; x_wconf 88' lang='lat' dir='ltr'><strong>demonstrandum,</strong></span> 
     </span>
     <span class='ocr_line' id='line_1_15' title="bbox 334 2244 1416 2311; baseline 0.003 -3"><span class='ocrx_word' id='word_1_120' title='bbox 334 2252 441 2311; x_wconf 85' lang='lat' dir='ltr'><strong>tamen¹</strong></span> <span class='ocrx_word' id='word_1_121' title='bbox 460 2246 568 2308; x_wconf 89' lang='lat' dir='ltr'><strong>animis</strong></span> <span class='ocrx_word' id='word_1_122' title='bbox 592 2245 766 2309; x_wconf 89' lang='lat' dir='ltr'><strong>auditorum</strong></span> <span class='ocrx_word' id='word_1_123' title='bbox 788 2244 877 2308; x_wconf 84' lang='lat' dir='ltr'><strong>facile</strong></span> <span class='ocrx_word' id='word_1_124' title='bbox 894 2267 925 2308; x_wconf 91' lang='lat' dir='ltr'><strong>se</strong></span> <span class='ocrx_word' id='word_1_125' title='bbox 941 2245 1108 2310; x_wconf 88' lang='lat' dir='ltr'><strong>insinuent.</strong></span> <span class='ocrx_word' id='word_1_126' title='bbox 1132 2244 1307 2310; x_wconf 86' lang='lat' dir='ltr'><strong>Admodum</strong></span> <span class='ocrx_word' id='word_1_127' title='bbox 1323 2254 1416 2311; x_wconf 83' lang='lat' dir='ltr'><strong>acute</strong></span> 
     </span>
     <span class='ocr_line' id='line_1_16' title="bbox 333 2355 1415 2440; baseline 0.003 -21"><span class='ocrx_word' id='word_1_128' title='bbox 333 2357 365 2421; x_wconf 88' lang='lat' dir='ltr'><strong>in</strong></span> <span class='ocrx_word' id='word_1_129' title='bbox 397 2356 588 2421; x_wconf 82' lang='lat' dir='ltr'><strong>Philocrates</strong></span> <span class='ocrx_word' id='word_1_130' title='bbox 618 2356 707 2418; x_wconf 90' lang='lat' dir='ltr'><strong>initio</strong></span> <span class='ocrx_word' id='word_1_131' title='bbox 738 2355 890 2419; x_wconf 88' lang='lat' dir='ltr'><strong>defectum</strong></span> <span class='ocrx_word' id='word_1_132' title='bbox 899 2365 1138 2434; x_wconf 70' lang='lat' dir='ltr'><strong>accusatorum,</strong></span> <span class='ocrx_word' id='word_1_133' title='bbox 1163 2359 1217 2440; x_wconf 91' lang='lat' dir='ltr'><strong>qui</strong></span> <span class='ocrx_word' id='word_1_134' title='bbox 1239 2379 1289 2420; x_wconf 89' lang='lat' dir='ltr'><strong>reo</strong></span> <span class='ocrx_word' id='word_1_135' title='bbox 1312 2358 1415 2422; x_wconf 85' lang='lat' dir='ltr'><strong>favere</strong></span> 
     </span>
     <span class='ocr_line' id='line_1_17' title="bbox 334 2465 1415 2553; baseline 0.002 -23"><span class='ocrx_word' id='word_1_136' title='bbox 334 2467 430 2532; x_wconf 89' lang='lat' dir='ltr'><strong>videri</strong></span> <span class='ocrx_word' id='word_1_137' title='bbox 451 2466 597 2544; x_wconf 89' lang='lat' dir='ltr'><strong>debebat,</strong></span> <span class='ocrx_word' id='word_1_138' title='bbox 622 2467 837 2552; x_wconf 87' lang='lat' dir='ltr'><strong>interpretatur</strong></span> <span class='ocrx_word' id='word_1_139' title='bbox 859 2467 892 2530; x_wconf 92' lang='lat' dir='ltr'><strong>in</strong></span> <span class='ocrx_word' id='word_1_140' title='bbox 915 2465 1131 2531; x_wconf 89' lang='lat' dir='ltr'><strong>detrimentum</strong></span> <span class='ocrx_word' id='word_1_141' title='bbox 1154 2469 1303 2545; x_wconf 90' lang='lat' dir='ltr'><strong>accusati,</strong></span> <span class='ocrx_word' id='word_1_142' title='bbox 1320 2491 1415 2553; x_wconf 92' lang='lat' dir='ltr'><strong>quem</strong></span> 
     </span>
     <span class='ocr_line' id='line_1_18' title="bbox 289 2577 1414 2663; baseline 0 -21"><span class='ocrx_word' id='word_1_143' title='bbox 289 2601 290 2606; x_wconf 50' lang='lat'>¹</span> <span class='ocrx_word' id='word_1_144' title='bbox 333 2578 404 2643; x_wconf 89' lang='lat' dir='ltr'><strong>inde</strong></span> <span class='ocrx_word' id='word_1_145' title='bbox 433 2584 589 2663; x_wconf 84' lang='lat' dir='ltr'><strong>appareret</strong></span> <span class='ocrx_word' id='word_1_146' title='bbox 619 2578 748 2662; x_wconf 91' lang='lat' dir='ltr'><strong>pecunia</strong></span> <span class='ocrx_word' id='word_1_147' title='bbox 781 2577 905 2663; x_wconf 91' lang='lat' dir='ltr'><strong>publica</strong></span> <span class='ocrx_word' id='word_1_148' title='bbox 933 2599 964 2641; x_wconf 89' lang='lat' dir='ltr'><strong>se</strong></span> <span class='ocrx_word' id='word_1_149' title='bbox 999 2577 1130 2658; x_wconf 84' lang='lat' dir='ltr'><strong>ditasse,</strong></span> <span class='ocrx_word' id='word_1_150' title='bbox 1165 2600 1226 2662; x_wconf 92' lang='lat' dir='ltr'><strong>qua</strong></span> <span class='ocrx_word' id='word_1_151' title='bbox 1259 2587 1414 2644; x_wconf 88' lang='lat' dir='ltr'><strong>accusato-</strong></span> 
     </span>
     <span class='ocr_line' id='line_1_19' title="bbox 332 2688 1411 2777; baseline -0.001 -23"><span class='ocrx_word' id='word_1_152' title='bbox 332 2713 378 2754; x_wconf 88' lang='lat' dir='ltr'><strong>res</strong></span> <span class='ocrx_word' id='word_1_153' title='bbox 402 2697 613 2775; x_wconf 83' lang='lat' dir='ltr'><strong>corrumperet.</strong></span> <span class='ocrx_word' id='word_1_154' title='bbox 648 2688 750 2753; x_wconf 84' lang='lat' dir='ltr'><strong>Verba</strong></span> <span class='ocrx_word' id='word_1_155' title='bbox 772 2689 884 2774; x_wconf 91' lang='lat' dir='ltr'><strong>quibus</strong></span> <span class='ocrx_word' id='word_1_156' title='bbox 908 2697 1008 2753; x_wconf 88' lang='lat' dir='ltr'><strong>orator</strong></span> <span class='ocrx_word' id='word_1_157' title='bbox 1030 2691 1062 2760; x_wconf 87' lang='lat' dir='ltr'><strong>in</strong></span> <span class='ocrx_word' id='word_1_158' title='bbox 1085 2689 1246 2755; x_wconf 89' lang='lat' dir='ltr'><strong>Philonem</strong></span> <span class='ocrx_word' id='word_1_159' title='bbox 1262 2693 1327 2777; x_wconf 83' lang='lat'><strong>(31)</strong></span> <span class='ocrx_word' id='word_1_160' title='bbox 1349 2693 1365 2776; x_wconf 62' lang='lat' dir='ltr'><strong>b</strong></span> <span class='ocrx_word' id='word_1_161' title='bbox 1388 2694 1411 2753; x_wconf 70' lang='lat'>4</span> 
     </span>
     <span class='ocr_line' id='line_1_20' title="bbox 331 2800 1411 2887; baseline 0.002 -23"><span class='ocrx_word' id='word_1_162' title='bbox 331 2802 514 2886; x_wconf 90' lang='lat' dir='ltr'><strong>imperitiam</strong></span> <span class='ocrx_word' id='word_1_163' title='bbox 536 2800 658 2865; x_wconf 91' lang='lat' dir='ltr'><strong>dicendi</strong></span> <span class='ocrx_word' id='word_1_164' title='bbox 682 2809 822 2878; x_wconf 81' lang='lat' dir='ltr'><strong>excusat,</strong></span> <span class='ocrx_word' id='word_1_165' title='bbox 840 2801 1049 2866; x_wconf 89' lang='lat' dir='ltr'><strong>demonstrant</strong></span> <span class='ocrx_word' id='word_1_166' title='bbox 1072 2801 1250 2887; x_wconf 84' lang='lat' dir='ltr'><strong>diligentius</strong></span> <span class='ocrx_word' id='word_1_167' title='bbox 1273 2803 1411 2868; x_wconf 87' lang='lat' dir='ltr'><strong>conside-</strong></span> 
     </span>
     <span class='ocr_line' id='line_1_21' title="bbox 330 2914 1409 2991; baseline 0.001 -14"><span class='ocrx_word' id='word_1_168' title='bbox 330 2922 409 2991; x_wconf 90' lang='lat' dir='ltr'><strong>rata,</strong></span> <span class='ocrx_word' id='word_1_169' title='bbox 441 2914 489 2977; x_wconf 90' lang='lat' dir='ltr'><strong>vel</strong></span> <span class='ocrx_word' id='word_1_170' title='bbox 519 2914 647 2978; x_wconf 83' lang='lat' dir='ltr'><strong>maxime</strong></span> <span class='ocrx_word' id='word_1_171' title='bbox 679 2914 843 2977; x_wconf 90' lang='lat' dir='ltr'><strong>sollertiam</strong></span> <span class='ocrx_word' id='word_1_172' title='bbox 874 2923 904 2978; x_wconf 89' lang='lat' dir='ltr'><strong>et</strong></span> <span class='ocrx_word' id='word_1_173' title='bbox 935 2922 1090 2978; x_wconf 89' lang='lat' dir='ltr'><strong>versutum</strong></span> <span class='ocrx_word' id='word_1_174' title='bbox 1127 2915 1270 2978; x_wconf 91' lang='lat' dir='ltr'><strong>animum.</strong></span> <span class='ocrx_word' id='word_1_175' title='bbox 1314 2914 1346 2978; x_wconf 84' lang='lat' dir='ltr'><strong>Si</strong></span> <span class='ocrx_word' id='word_1_176' title='bbox 1376 2915 1409 2978; x_wconf 91' lang='lat' dir='ltr'><strong>in</strong></span> 
     </span>
     <span class='ocr_line' id='line_1_22' title="bbox 331 3024 1412 3110; baseline 0.001 -22"><span class='ocrx_word' id='word_1_177' title='bbox 331 3031 432 3110; x_wconf 85' lang='lat' dir='ltr'><strong>parte,</strong></span> <span class='ocrx_word' id='word_1_178' title='bbox 455 3024 574 3108; x_wconf 89' lang='lat' dir='ltr'><strong>inquit,</strong></span> <span class='ocrx_word' id='word_1_179' title='bbox 599 3024 799 3089; x_wconf 89' lang='lat' dir='ltr'><strong>accusationis</strong></span> <span class='ocrx_word' id='word_1_180' title='bbox 822 3024 946 3088; x_wconf 89' lang='lat' dir='ltr'><strong>inferior</strong></span> <span class='ocrx_word' id='word_1_181' title='bbox 968 3025 1042 3103; x_wconf 91' lang='lat' dir='ltr'><strong>sim,</strong></span> <span class='ocrx_word' id='word_1_182' title='bbox 1067 3024 1178 3089; x_wconf 89' lang='lat' dir='ltr'><strong>credite</strong></span> <span class='ocrx_word' id='word_1_183' title='bbox 1201 3026 1264 3089; x_wconf 90' lang='lat' dir='ltr'><strong>fieri</strong></span> <span class='ocrx_word' id='word_1_184' title='bbox 1288 3033 1412 3110; x_wconf 88' lang='lat' dir='ltr'><strong>propter</strong></span> 
     </span>
     <span class='ocr_line' id='line_1_23' title="bbox 331 3136 1410 3220; baseline 0 -20"><span class='ocrx_word' id='word_1_185' title='bbox 331 3137 512 3201; x_wconf 89' lang='lat' dir='ltr'><strong>immensum</strong></span> <span class='ocrx_word' id='word_1_186' title='bbox 541 3158 701 3200; x_wconf 85' lang='lat' dir='ltr'><strong>numerum</strong></span> <span class='ocrx_word' id='word_1_187' title='bbox 732 3136 888 3199; x_wconf 86' lang='lat' dir='ltr'><strong>scelerum·</strong></span> <span class='ocrx_word' id='word_1_188' title='bbox 908 3137 1155 3213; x_wconf 68' lang='lat' dir='ltr'><strong>commissorum</strong></span> <span class='ocrx_word' id='word_1_189' title='bbox 1188 3136 1310 3220; x_wconf 89' lang='lat' dir='ltr'><strong>siquid</strong></span> <span class='ocrx_word' id='word_1_190' title='bbox 1333 3136 1410 3201; x_wconf 90' lang='lat' dir='ltr'><strong>bene</strong></span> 
     </span>
     <span class='ocr_line' id='line_1_24' title="bbox 331 3247 1410 3332; baseline 0.001 -22"><span class='ocrx_word' id='word_1_191' title='bbox 331 3269 511 3332; x_wconf 85' lang='lat' dir='ltr'><strong>exposuero,</strong></span> <span class='ocrx_word' id='word_1_192' title='bbox 544 3269 605 3311; x_wconf 92' lang='lat' dir='ltr'><strong>non</strong></span> <span class='ocrx_word' id='word_1_193' title='bbox 635 3269 718 3310; x_wconf 91' lang='lat' dir='ltr'><strong>meae</strong></span> <span class='ocrx_word' id='word_1_194' title='bbox 749 3247 874 3331; x_wconf 88' lang='lat' dir='ltr'><strong>peritiae</strong></span> <span class='ocrx_word' id='word_1_195' title='bbox 905 3247 1073 3312; x_wconf 89' lang='lat' dir='ltr'><strong>adscribere</strong></span> <span class='ocrx_word' id='word_1_196' title='bbox 1097 3248 1255 3332; x_wconf 78' lang='lat' dir='ltr'><strong>potentie,</strong></span> <span class='ocrx_word' id='word_1_197' title='bbox 1280 3247 1333 3312; x_wconf 92' lang='lat' dir='ltr'><strong>sed</strong></span> <span class='ocrx_word' id='word_1_198' title='bbox 1355 3248 1410 3311; x_wconf 90' lang='lat' dir='ltr'><strong>im-</strong></span> 
     </span>
    </p>
   </div>
   <div class='ocr_carea' id='block_1_2' title="bbox 224 3356 1410 3442">
    <p class='ocr_par' dir='ltr' id='par_1_2' title="bbox 224 3356 1410 3442">
     <span class='ocr_line' id='line_1_25' title="bbox 224 3356 1410 3442; baseline 0.002 -22"><span class='ocrx_word' id='word_1_199' title='bbox 224 3373 225 3376; x_wconf 74' lang='grc'>’</span> <span class='ocrx_word' id='word_1_200' title='bbox 330 3365 436 3442; x_wconf 90' lang='lat' dir='ltr'><strong>putate</strong></span> <span class='ocrx_word' id='word_1_201' title='bbox 466 3357 558 3420; x_wconf 89' lang='lat' dir='ltr'><strong>huius</strong></span> <span class='ocrx_word' id='word_1_202' title='bbox 585 3357 736 3441; x_wconf 87' lang='lat' dir='ltr'><strong>pravitati.</strong></span> <span class='ocrx_word' id='word_1_203' title='bbox 780 3356 849 3435; x_wconf 88' lang='lat' dir='ltr'><strong>Ita,</strong></span> <span class='ocrx_word' id='word_1_204' title='bbox 873 3356 1083 3442; x_wconf 90' lang='lat' dir='ltr'><strong>qualecunque</strong></span> <span class='ocrx_word' id='word_1_205' title='bbox 1106 3358 1256 3422; x_wconf 89' lang='lat' dir='ltr'><strong>iudicium</strong></span> <span class='ocrx_word' id='word_1_206' title='bbox 1286 3359 1323 3423; x_wconf 90' lang='lat' dir='ltr'><strong>de</strong></span> <span class='ocrx_word' id='word_1_207' title='bbox 1346 3381 1410 3422; x_wconf 91' lang='lat' dir='ltr'><strong>ora·</strong></span> 
     </span>
    </p>
   </div>
   <div class='ocr_carea' id='block_1_3' title="bbox 264 3468 1410 3998">
    <p class='ocr_par' dir='ltr' id='par_1_3' title="bbox 264 3468 1410 3998">
     <span class='ocr_line' id='line_1_26' title="bbox 298 3468 1410 3547; baseline 0.003 -15"><span class='ocrx_word' id='word_1_208' title='bbox 298 3497 301 3502; x_wconf 88' lang='lat'><em>·</em></span> <span class='ocrx_word' id='word_1_209' title='bbox 330 3469 412 3533; x_wconf 87' lang='lat' dir='ltr'><strong>tione</strong></span> <span class='ocrx_word' id='word_1_210' title='bbox 443 3469 516 3547; x_wconf 91' lang='lat' dir='ltr'><strong>erit,</strong></span> <span class='ocrx_word' id='word_1_211' title='bbox 548 3468 716 3533; x_wconf 89' lang='lat' dir='ltr'><strong>secundum</strong></span> <span class='ocrx_word' id='word_1_212' title='bbox 744 3469 828 3533; x_wconf 91' lang='lat' dir='ltr'><strong>hunc</strong></span> <span class='ocrx_word' id='word_1_213' title='bbox 863 3475 1012 3533; x_wconf 90' lang='lat' dir='ltr'><strong>oratorem</strong></span> <span class='ocrx_word' id='word_1_214' title='bbox 1045 3471 1154 3534; x_wconf 82' lang='lat' dir='ltr'><strong>noxius</strong></span> <span class='ocrx_word' id='word_1_215' title='bbox 1189 3470 1285 3534; x_wconf 86' lang='lat' dir='ltr'><strong>videri</strong></span> <span class='ocrx_word' id='word_1_216' title='bbox 1319 3471 1410 3535; x_wconf 85' lang='lat' dir='ltr'><strong>debet</strong></span> 
     </span>
     <span class='ocr_line' id='line_1_27' title="bbox 329 3576 1408 3665; baseline 0.001 -22"><span class='ocrx_word' id='word_1_217' title='bbox 329 3580 428 3644; x_wconf 89' lang='lat' dir='ltr'><strong>Philo.</strong></span> <span class='ocrx_word' id='word_1_218' title='bbox 465 3581 524 3645; x_wconf 84' lang='lat' dir='ltr'><strong>Sed</strong></span> <span class='ocrx_word' id='word_1_219' title='bbox 555 3588 628 3645; x_wconf 89' lang='lat' dir='ltr'><strong>sunt</strong></span> <span class='ocrx_word' id='word_1_220' title='bbox 660 3580 738 3658; x_wconf 87' lang='lat' dir='ltr'><strong>alia,</strong></span> <span class='ocrx_word' id='word_1_221' title='bbox 769 3581 802 3644; x_wconf 91' lang='lat' dir='ltr'><strong>in</strong></span> <span class='ocrx_word' id='word_1_222' title='bbox 833 3576 944 3665; x_wconf 82' lang='lat' dir='ltr'><strong>quibus</strong></span> <span class='ocrx_word' id='word_1_223' title='bbox 965 3580 1115 3645; x_wconf 88' lang='lat' dir='ltr'><strong>calliditas</strong></span> <span class='ocrx_word' id='word_1_224' title='bbox 1140 3588 1170 3645; x_wconf 94' lang='lat' dir='ltr'><strong>et</strong></span> <span class='ocrx_word' id='word_1_225' title='bbox 1191 3581 1285 3645; x_wconf 90' lang='lat' dir='ltr'><strong>dolus.</strong></span> <span class='ocrx_word' id='word_1_226' title='bbox 1306 3582 1408 3644; x_wconf 90' lang='lat' dir='ltr'><strong>minus</strong></span> 
     </span>
     <span class='ocr_line' id='line_1_28' title="bbox 329 3690 1408 3778; baseline 0.001 -23"><span class='ocrx_word' id='word_1_227' title='bbox 329 3690 405 3756; x_wconf 90' lang='lat' dir='ltr'><strong>bene</strong></span> <span class='ocrx_word' id='word_1_228' title='bbox 427 3693 636 3771; x_wconf 88' lang='lat' dir='ltr'><strong>occultantur,</strong></span> <span class='ocrx_word' id='word_1_229' title='bbox 661 3692 745 3756; x_wconf 88' lang='lat' dir='ltr'><strong>velut</strong></span> <span class='ocrx_word' id='word_1_230' title='bbox 767 3713 862 3776; x_wconf 91' lang='lat' dir='ltr'><strong>quum</strong></span> <span class='ocrx_word' id='word_1_231' title='bbox 884 3691 1044 3757; x_wconf 87' lang='lat' dir='ltr'><strong>verborum</strong></span> <span class='ocrx_word' id='word_1_232' title='bbox 1067 3693 1264 3778; x_wconf 82' lang='lat' dir='ltr'><strong>ambiguitate</strong></span> <span class='ocrx_word' id='word_1_233' title='bbox 1287 3715 1408 3757; x_wconf 89' lang='lat' dir='ltr'><strong>causam</strong></span> 
     </span>
     <span class='ocr_line' id='line_1_29' title="bbox 264 3788 1407 3889; baseline 0.002 -25"><span class='ocrx_word' id='word_1_234' title='bbox 264 3880 266 3884; x_wconf 90' lang='lat'><strong>.</strong></span> <span class='ocrx_word' id='word_1_235' title='bbox 328 3802 454 3887; x_wconf 91' lang='lat' dir='ltr'><strong>probare</strong></span> <span class='ocrx_word' id='word_1_236' title='bbox 485 3803 597 3868; x_wconf 91' lang='lat' dir='ltr'><strong>studet.</strong></span> <span class='ocrx_word' id='word_1_237' title='bbox 645 3803 681 3866; x_wconf 91' lang='lat' dir='ltr'><strong>In</strong></span> <span class='ocrx_word' id='word_1_238' title='bbox 715 3805 850 3867; x_wconf 86' lang='lat' dir='ltr'><strong>oratione</strong></span> <span class='ocrx_word' id='word_1_239' title='bbox 883 3805 922 3869; x_wconf 77' lang='lat'><strong>27</strong></span> <span class='ocrx_word' id='word_1_240' title='bbox 948 3806 1027 3888; x_wconf 69' lang='grc' dir='ltr'>(κατ’</span> <span class='ocrx_word' id='word_1_241' title='bbox 1049 3788 1248 3889; x_wconf 70' lang='grc' dir='ltr'><strong>Ἐπικράτόυς)</strong></span> <span class='ocrx_word' id='word_1_242' title='bbox 1271 3803 1352 3867; x_wconf 90' lang='lat' dir='ltr'><strong>ludit</strong></span> <span class='ocrx_word' id='word_1_243' title='bbox 1375 3804 1407 3866; x_wconf 91' lang='lat' dir='ltr'><strong>in</strong></span> 
     </span>
     <span class='ocr_line' id='line_1_30' title="bbox 329 3914 1408 3998; baseline 0.001 -22"><span class='ocrx_word' id='word_1_244' title='bbox 329 3915 549 3998; x_wconf 80' lang='lat' dir='ltr'><strong>significatione</strong></span> <span class='ocrx_word' id='word_1_245' title='bbox 579 3914 720 3978; x_wconf 90' lang='lat' dir='ltr'><strong>vocabuli</strong></span> <span class='ocrx_word' id='word_1_246' title='bbox 751 3916 882 3995; x_wconf 73' lang='grc' dir='ltr'><strong>ἄκριτος,</strong></span> <span class='ocrx_word' id='word_1_247' title='bbox 913 3922 949 3979; x_wconf 91' lang='lat' dir='ltr'><strong>ut</strong></span> <span class='ocrx_word' id='word_1_248' title='bbox 975 3914 1092 3979; x_wconf 89' lang='lat' dir='ltr'><strong>indicta</strong></span> <span class='ocrx_word' id='word_1_249' title='bbox 1114 3937 1211 3979; x_wconf 87' lang='lat' dir='ltr'><strong>causa</strong></span> <span class='ocrx_word' id='word_1_250' title='bbox 1226 3915 1321 3980; x_wconf 86' lang='lat' dir='ltr'><strong>malos</strong></span> <span class='ocrx_word' id='word_1_251' title='bbox 1344 3936 1408 3978; x_wconf 90' lang='lat' dir='ltr'><strong>ora·</strong></span> 
     </span>
    </p>
   </div>
   <div class='ocr_carea' id='block_1_4' title="bbox 327 4023 1408 4554">
    <p class='ocr_par' dir='ltr' id='par_1_4' title="bbox 327 4023 1408 4554">
     <span class='ocr_line' id='line_1_31' title="bbox 329 4023 1408 4119; baseline 0.001 -30"><span class='ocrx_word' id='word_1_252' title='bbox 329 4033 410 4089; x_wconf 85' lang='lat' dir='ltr'><strong>tores</strong></span> <span class='ocrx_word' id='word_1_253' title='bbox 433 4023 676 4089; x_wconf 89' lang='lat' dir='ltr'><strong>condemnandos</strong></span> <span class='ocrx_word' id='word_1_254' title='bbox 693 4047 757 4089; x_wconf 90' lang='lat' dir='ltr'><strong>esse</strong></span> <span class='ocrx_word' id='word_1_255' title='bbox 773 4024 976 4119; x_wconf 55' lang='lat' dir='ltr'><strong>demonstrem</strong></span> <span class='ocrx_word' id='word_1_256' title='bbox 992 4049 1055 4090; x_wconf 89' lang='lat' dir='ltr'><strong>non</strong></span> <span class='ocrx_word' id='word_1_257' title='bbox 1071 4028 1168 4104; x_wconf 90' lang='lat' dir='ltr'><strong>enim,</strong></span> <span class='ocrx_word' id='word_1_258' title='bbox 1185 4027 1301 4111; x_wconf 88' lang='lat' dir='ltr'><strong>inquit,</strong></span> <span class='ocrx_word' id='word_1_259' title='bbox 1319 4035 1408 4090; x_wconf 90' lang='lat' dir='ltr'><strong>erunt</strong></span> 
     </span>
     <span class='ocr_line' id='line_1_32' title="bbox 328 4134 1405 4222; baseline -0.001 -23"><span class='ocrx_word' id='word_1_260' title='bbox 328 4134 451 4217; x_wconf 76' lang='grc' dir='ltr'><strong>ἄκριτοι,</strong></span> <span class='ocrx_word' id='word_1_261' title='bbox 483 4159 554 4200; x_wconf 92' lang='lat' dir='ltr'><strong>nam</strong></span> <span class='ocrx_word' id='word_1_262' title='bbox 584 4159 637 4200; x_wconf 87' lang='lat' dir='ltr'><strong>vos</strong></span> <span class='ocrx_word' id='word_1_263' title='bbox 668 4159 718 4200; x_wconf 92' lang='lat' dir='ltr'><strong>eos</strong></span> <span class='ocrx_word' id='word_1_264' title='bbox 749 4138 876 4201; x_wconf 91' lang='lat' dir='ltr'><strong>novistis</strong></span> <span class='ocrx_word' id='word_1_265' title='bbox 900 4145 931 4201; x_wconf 86' lang='lat' dir='ltr'><strong>et</strong></span> <span class='ocrx_word' id='word_1_266' title='bbox 953 4137 991 4202; x_wconf 87' lang='lat' dir='ltr'><strong>de</strong></span> <span class='ocrx_word' id='word_1_267' title='bbox 1013 4139 1094 4202; x_wconf 87' lang='lat' dir='ltr'><strong>notis</strong></span> <span class='ocrx_word' id='word_1_268' title='bbox 1117 4136 1291 4213; x_wconf 86' lang='lat' dir='ltr'><strong>iudicaretis</strong></span> <span class='ocrx_word' id='word_1_269' title='bbox 1314 4138 1341 4220; x_wconf 63' lang='grc' dir='ltr'><strong>(ξ</strong></span> <span class='ocrx_word' id='word_1_270' title='bbox 1364 4139 1405 4222; x_wconf 87' lang='grc'><strong>8),</strong></span> 
     </span>
     <span class='ocr_line' id='line_1_33' title="bbox 329 4247 1405 4334; baseline 0 -24"><span class='ocrx_word' id='word_1_271' title='bbox 329 4248 416 4332; x_wconf 89' lang='lat' dir='ltr'><strong>quasi</strong></span> <span class='ocrx_word' id='word_1_272' title='bbox 447 4269 517 4311; x_wconf 89' lang='lat' dir='ltr'><strong>vero</strong></span> <span class='ocrx_word' id='word_1_273' title='bbox 547 4247 603 4312; x_wconf 91' lang='lat' dir='ltr'><strong>ulli</strong></span> <span class='ocrx_word' id='word_1_274' title='bbox 632 4270 669 4311; x_wconf 86' lang='lat' dir='ltr'><strong>ex</strong></span> <span class='ocrx_word' id='word_1_275' title='bbox 691 4247 880 4313; x_wconf 90' lang='lat' dir='ltr'><strong>auditoribus</strong></span> <span class='ocrx_word' id='word_1_276' title='bbox 904 4255 1005 4334; x_wconf 88' lang='lat' dir='ltr'><strong>posset</strong></span> <span class='ocrx_word' id='word_1_277' title='bbox 1027 4249 1237 4332; x_wconf 87' lang='lat' dir='ltr'><strong>interpretatio</strong></span> <span class='ocrx_word' id='word_1_278' title='bbox 1259 4247 1405 4311; x_wconf 84' lang='lat' dir='ltr'><strong>formulae</strong></span> 
     </span>
     <span class='ocr_line' id='line_1_34' title="bbox 327 4355 1403 4444; baseline -0.001 -23"><span class='ocrx_word' id='word_1_279' title='bbox 327 4355 434 4438; x_wconf 75' lang='grc' dir='ltr'><strong>ἄκριτοι</strong></span> <span class='ocrx_word' id='word_1_280' title='bbox 457 4358 598 4423; x_wconf 68' lang='grc' dir='ltr'><strong>ἀπέθανον</strong></span> <span class='ocrx_word' id='word_1_281' title='bbox 623 4358 683 4422; x_wconf 88' lang='lat' dir='ltr'><strong>alia</strong></span> <span class='ocrx_word' id='word_1_282' title='bbox 705 4358 821 4442; x_wconf 90' lang='lat' dir='ltr'><strong>placere</strong></span> <span class='ocrx_word' id='word_1_283' title='bbox 845 4381 935 4444; x_wconf 91' lang='lat' dir='ltr'><strong>quam</strong></span> <span class='ocrx_word' id='word_1_284' title='bbox 957 4359 1068 4424; x_wconf 62' lang='lat' dir='ltr'><strong>indiae</strong></span> <span class='ocrx_word' id='word_1_285' title='bbox 1091 4381 1195 4432; x_wconf 83' lang='lat' dir='ltr'><strong>caaac;</strong></span> <span class='ocrx_word' id='word_1_286' title='bbox 1219 4379 1307 4422; x_wconf 92' lang='lat' dir='ltr'><strong>nemo</strong></span> <span class='ocrx_word' id='word_1_287' title='bbox 1325 4379 1403 4434; x_wconf 90' lang='lat' dir='ltr'><strong>non,</strong></span> 
     </span>
     <span class='ocr_line' id='line_1_35' title="bbox 329 4467 1405 4554; baseline 0.002 -24"><span class='ocrx_word' id='word_1_288' title='bbox 329 4469 456 4551; x_wconf 87' lang='lat' dir='ltr'><strong>opinor,</strong></span> <span class='ocrx_word' id='word_1_289' title='bbox 481 4491 517 4532; x_wconf 84' lang='lat' dir='ltr'><strong>ex</strong></span> <span class='ocrx_word' id='word_1_290' title='bbox 540 4470 577 4532; x_wconf 91' lang='lat' dir='ltr'><strong>iis</strong></span> <span class='ocrx_word' id='word_1_291' title='bbox 600 4468 658 4532; x_wconf 92' lang='lat' dir='ltr'><strong>boc</strong></span> <span class='ocrx_word' id='word_1_292' title='bbox 682 4471 800 4533; x_wconf 90' lang='lat' dir='ltr'><strong>acutius</strong></span> <span class='ocrx_word' id='word_1_293' title='bbox 823 4492 914 4554; x_wconf 89' lang='lat' dir='ltr'><strong>quam</strong></span> <span class='ocrx_word' id='word_1_294' title='bbox 936 4470 1035 4533; x_wconf 79' lang='lat' dir='ltr'><strong>verius</strong></span> <span class='ocrx_word' id='word_1_295' title='bbox 1057 4467 1173 4532; x_wconf 88' lang='lat' dir='ltr'><strong>dictum</strong></span> <span class='ocrx_word' id='word_1_296' title='bbox 1195 4470 1323 4554; x_wconf 85' lang='lat' dir='ltr'><strong>putavit.</strong></span> <span class='ocrx_word' id='word_1_297' title='bbox 1361 4468 1405 4532; x_wconf 88' lang='lat' dir='ltr'><strong>Si-</strong></span> 
     </span>
    </p>
   </div>
   <div class='ocr_carea' id='block_1_5' title="bbox 0 0 1568 5208">
    <p class='ocr_par' dir='ltr' id='par_1_5' title="bbox 0 0 1568 5208">
     <span class='ocr_line' id='line_1_36' title="bbox 0 0 1568 5208; baseline 0 6"><span class='ocrx_word' id='word_1_298' title='bbox 0 0 1568 5208; x_wconf 95' lang='lat' dir='ltr'><strong> </strong></span> 
     </span>
    </p>
   </div>
  </div>
 </body>
</html>
