3126 5210
803 468 871 529 218

285 690 350 739 aare
381 666 472 730 verba
503 669 627 751 possent
654 671 738 747 eiini,
764 680 795 764 et
818 694 854 734 ea
877 672 970 735 fuisse
994 671 1115 735 videtur
1137 673 1235 757 ipsius
1261 670 1383 733 Dobrei

284 777 451 852 sententia,
476 776 514 841 ab
538 778 653 843 editore
678 781 931 844 Adversariorum
948 803 1009 844 non
1027 782 1100 845 satis
1116 780 1282 845 intellecta.
1309 778 1387 842 Suf-

285 884 365 948 ficiet
388 907 578 969 comparasse
602 890 751 953 sectiones
779 893 813 968 l,
840 893 899 968 25,
926 893 987 967 26,
1012 899 1048 953 ut
1072 898 1216 975 appareat
1237 888 1387 952 Nicoma-

284 993 390 1071 chum,
422 996 480 1059 etsi
511 997 670 1080 peculatus
701 999 817 1063 crimen
850 1000 878 1063 ci
909 999 1002 1064 obiici
1033 1021 1095 1064 non
1127 1006 1249 1085 posset,
1274 1006 1384 1062 tamen

284 1105 438 1190 corrumpi
469 1128 501 1169 se
523 1129 647 1191 passum
672 1132 755 1187 esse,
780 1131 874 1193 quare
898 1110 963 1174 eius
987 1109 1140 1174 absolutio
1164 1111 1245 1174 fures
1270 1108 1385 1172 aerarii

286 1221 405 1296 poterat
433 1215 609 1280 audaciores
641 1218 748 1282 facere.
807 1218 965 1283 Excidisse
997 1227 1100 1282 autem
1130 1219 1385 1283 coniunctionem

285 1330 355 1407 post
386 1325 554 1406 προςέχονσι
582 1335 699 1392 certum
726 1336 812 1413 puta.
860 1328 999 1413 Reliquis
1023 1327 1213 1412 probabilius
1237 1328 1381 1412 Weyers.

285 1435 452 1515 προςέχονσι
483 1437 512 1500 δὲ
540 1438 600 1502 κού.
647 1438 773 1524 Optime
801 1439 884 1502 dicta
912 1441 929 1522 p
958 1441 1017 1502 24:
1042 1441 1086 1510 τίς
1107 1436 1153 1503 οὖν
1178 1447 1209 1502 et
1232 1461 1310 1523 quae
1335 1460 1385 1501 se-

286 1555 434 1630 quuntur.
1039 1549 1040 1554 ’

328 1659 420 1742 ύ25.
468 1658 557 1722 Unus
582 1658 790 1724 Nicomachus
815 1660 978 1745 pecuniam
1003 1669 1169 1744 acceperat.
1186 1659 1307 1745 'Itaque
1322 1681 1383 1744 pro

284 1765 359 1832 οὗτοι
394 1768 483 1833 scrib.
515 1770 550 1834 ol.
597 1769 634 1832 In
666 1770 771 1833 eadem
803 1771 938 1833 sectione
970 1769 1119 1832 vocabula
1149 1769 1199 1833 κοά
1222 1775 1278 1833 τάν
1300 1771 1383 1848 ἱερῶν

285 1886 426 1962 suspecta
449 1887 536 1955 sunt3
560 1902 621 1944 non
646 1881 727 1944 enim
747 1889 827 1944 recte
848 1889 1048 1965 opponuntur
1064 1883 1086 1945 ol
1109 1880 1186 1957 νόμον
1203 1887 1234 1944 et
1248 1881 1289 1944 τά
1304 1877 1380 1958 ἱεοά.

287 1989 352 2053 Aut
384 1988 438 2052 illa
468 1990 638 2054 omittenda
661 1997 731 2068 aut,
755 1992 883 2055 ἀντῶν
907 1989 930 2054 l'
953 1990 1034 2054 ὁσίων
1057 1989 1107 2054 κού
1131 1997 1187 2053 τῶν
1209 1991 1285 2068 ἱερῶν
1309 1989 1384 2052 scri·

286 2098 431 2163 bendum.

329 2211 421 2292 pti.
468 2211 522 2284 ἀς,
546 2210 596 2274 ε’ἀν
620 2215 667 2275 νῦν
691 2212 781 2274 οούτού
805 2210 962 2290 φείσησθε,
985 2206 1063 2280 οοῦύις
1084 2211 1225 2274 ἀποδώσει
1244 2211 1301 2280 τάς
1320 2207 1383 2288 χά-

285 2343 376 2399 ριτοος.
424 2318 583 2383 Pertinent
614 2319 653 2384 ad
683 2319 730 2384 aa
760 2320 791 2384 τί
820 2319 847 2383 δ’
876 2317 913 2382 ἀν
943 2343 987 2390 τις
1010 2320 1238 2400 ἀποψηφίσαιτο
1260 2318 1381 2396 τούτου,

285 2431 378 2512 §td
411 2427 505 2491 Haud
536 2429 598 2493 scio
623 2451 661 2492 an
686 2427 837 2492 Graecum
860 2451 924 2492 non
948 2429 989 2492 sit
1015 2429 1062 2492 aa
1085 2433 1169 2493 τούτο
1193 2427 1384 2508 ἀποψηφίζο-

285 2563 341 2616 μοοι
372 2543 477 2612 ἀύτοῦ,
501 2543 537 2612 ὡς
561 2540 717 2622 ἀποδώσει,
743 2539 882 2623 quamvis
906 2539 938 2602 in
965 2538 1059 2602 simili
1083 2539 1235 2603 sententia
1260 2542 1311 2602 14.
1337 2541 1381 2600 41

286 2648 369 2713 idem
391 2649 521 2733 legatur.
568 2653 628 2722 Ὠς
651 2673 769 2735 semper
792 2656 962 2734 usurpatur
984 2650 1017 2712 in
1040 2672 1072 2712 re
1096 2649 1246 2733 cogitata,
1268 2671 1330 2712 non
1349 2649 1383 2712 in

286 2781 319 2823 re
349 2761 415 2845 ipsa
443 2763 508 2844 (per
531 2763 593 2843 se),
619 2761 672 2825 sed
696 2761 796 2846 qualis
821 2783 885 2824 esse
909 2759 1060 2836 creditur,
1085 2768 1140 2823 aut
1163 2768 1200 2823 ut
1222 2759 1313 2824 verbo
1337 2759 1385 2823 di-

287 2891 369 2933 cam:
399 2871 551 2956 particula
574 2871 742 2936 subiectiva
766 2877 822 2936 est.
869 2871 929 2934 Pro
952 2869 1028 2942 ὅπως
1055 2878 1158 2934 autem
1181 2872 1218 2941 a,-
1241 2891 1311 2934 cum
1335 2870 1384 2932 fu-

287 2987 357 3044 turo
381 2981 539 3046 indicativi
562 3006 630 3046 raro
652 2984 810 3068 iungitur;
835 2991 882 3046 est
897 2981 951 3046 ubi
967 2979 1043 3052 ὅπως
1060 2980 1283 3045 restituendum
1300 2979 1385 3044 vide-

288 3099 374 3170 atur,
406 3102 442 3156 ut
473 3096 526 3157 31.
560 3097 613 3157 24.
662 3094 781 3157 Diversi
812 3093 872 3157 loci
904 3099 994 3169 sunt,
1027 3091 1082 3155 ubi
1114 3099 1160 3154 est
1184 3099 1254 3174 post
1276 3089 1383 3167 μέλει,

287 3212 376 3266 ποιεῖν
404 3203 482 3267 Xen.
507 3203 568 3267 GP.
593 3203 655 3268 ΙΙΙ.
681 3207 711 3267 2.
741 3206 798 3280 la,
823 3203 912 3267 Dein.
938 3204 968 3266 5.
994 3204 1046 3265 24.
1094 3200 1163 3264 Hoc
1185 3201 1254 3264 loco
1280 3200 1386 3283 legen·

288 3313 362 3377 dum
385 3315 512 3378 fortasse
535 3315 739 3386 ἀποδώσοντος.
778 3313 923 3377 Variatur
947 3313 978 3375 in
1002 3312 1051 3374 his
1075 3311 1262 3376 sectionibus
1286 3316 1386 3372 struc-

287 3435 373 3488 tura:
398 3425 445 3489 διά
467 3428 497 3489 σι’
520 3425 546 3488 δ’
568 3425 604 3490 ἀν
627 3450 670 3496 τις
695 3425 921 3505 ἀποψηφίσαιτο
944 3423 1065 3499 τούτους
1091 3421 1207 3502 πότερον
1225 3423 1262 3492 cte
1282 3419 1385 3499 ἀνδρὸς

287 3538 420 3614 aymam
444 3575 489 3585 -
510 3537 583 3602 ἀλλ’
605 3534 648 3602 ύτι
671 3538 818 3617 χρήματα
840 3534 1023 3608 δεδαπάνηκε
1030 3559 1039 3611 ;
1064 3533 1147 3597 ἀλλά
1171 3533 1217 3596 aa
1237 3531 1385 3609 τοὺςποο-

288 3647 406 3724 alvom
430 3686 474 3697 -
496 3648 566 3711 ἀλλ’
588 3649 625 3718 ἀς
654 3685 698 3696 -—
729 3644 808 3718 ἀῦύις
831 3645 1026 3715 ἀποδώσοντος
1047 3644 1103 3715 τάς
1127 3641 1272 3724 χάοιτάςς
1296 3639 1384 3705 Loco

288 3757 379 3820 modo
403 3780 438 3821 ex
465 3759 505 3821 14
529 3757 656 3821 laudato
678 3760 715 3829 ὡς
739 3755 954 3820 omittendum.

333 3870 350 3952 p
373 3870 425 3932 28.
472 3870 521 3934 κού
541 3870 597 3940 τάς
620 3870 674 3947 μὲν
698 3868 797 3949 ἀρχάς
819 3867 874 3932 ὑπὸ
892 3873 948 3931 τῶν
967 3863 1098 3929 τοιούτων
1121 3864 1236 3940 ἡγεῖσθε
1254 3862 1386 3942 διοοφύεί-

287 3979 401 4059 ρεσύοιι,
422 3981 546 4051 ἀύτοῖς
570 3979 599 4043 δὲ
622 3979 732 4051 τούτοις
757 3978 922 4042 πιστεύετε.
970 3975 1049 4039 Cum
1072 3973 1195 4037 Dobreo
1216 3971 1385 4058 legendum
1454 4053 1456 4056 Ι

289 4088 381 4153 οούτοί.

333 4200 425 4281 §3st
474 4196 662 4261 Concinnior
693 4202 772 4260 esset
804 4194 960 4280 oppositio
992 4193 1018 4256 si
1050 4214 1104 4278 pro
1137 4190 1206 4272 ὑπέρ
1229 4190 1386 4273 legeretur

290 4307 361 4384 ύπύ,
391 4307 485 4391 idque
516 4307 548 4369 in
580 4305 629 4369 his
659 4305 831 4369 artificiosis
861 4303 1020 4368 antithetis
1051 4300 1263 4386 reponendum
1294 4308 1383 4384 puto.

284 4415 344 4482 Ὃν
369 4417 422 4482 ἔδει
450 4417 505 4482 ὑπὸ
525 4423 576 4481 τοῦ
603 4417 693 4494 δύμον
715 4415 876 4497 κρύνεσύοιι,
900 4411 984 4486 οὗτος
1007 4412 1056 4477 τὸν
1079 4412 1167 4489 δῆμον
1190 4411 1386 4488 σννκοοτοολύ-
