3126 5210
845 495 908 557 194

332 693 411 758 chon
435 691 500 756 Rex
524 691 676 776 ceterique
699 691 834 775 collegae
853 692 1000 756 sollemne
1020 692 1201 756 sacrificium
1217 691 1363 776 proximo
1381 689 1432 753 die

332 816 480 889 peragant
501 805 518 887 d
543 805 578 867 8:
604 803 665 867 ἔστι
689 803 714 866 δ’
738 804 804 880 ὑμῖν
827 806 858 867 οὐ
882 809 966 869 τοῦτο
990 804 1073 880 μόνον
1096 803 1250 878 σκεπτέον,
1274 801 1365 866 danic
1378 801 1431 866 κιιὶ

332 917 448 995 πότερον
470 913 672 991 εὐσεβέστερον
694 913 743 977 τὸν
765 913 896 990 βασιλέα
920 914 968 977 aci
991 914 1058 984 τοὺς
1079 912 1278 993 συνάρχοντος
1302 914 1344 978 τοὶ
1358 912 1432 992 ὑπὲρ

331 1030 383 1090 τοῦ
400 1024 557 1102 μέλλοντος
582 1021 676 1101 ἄρξειν
700 1023 761 1102 ἱεροὶ
784 1027 885 1105 dicar,
903 1026 939 1094 ὡς
956 1024 1005 1087 axi
1025 1023 1157 1102 πρότερον
1177 1022 1227 1098 ἤδη
1247 1023 1430 1102 γεγένηται,

332 1136 349 1211 ἢ
380 1136 430 1200 xci
464 1140 580 1207 τοῦτον,
620 1134 654 1197 in
688 1133 801 1216 quibus
836 1133 849 1195 ὁ
883 1132 1002 1210 μέλλον
1034 1131 1129 1210 ἄρξειν
1164 1131 1278 1195 dicitur
1313 1135 1430 1196 archon

332 1269 508 1331 reponemus,
540 1245 594 1329 qui
624 1245 657 1307 in
689 1244 792 1307 locum
827 1242 979 1319 Evandri,
1016 1242 1040 1305 si
1073 1243 1265 1328 improbatus
1297 1242 1429 1318 fuisset,

333 1355 567 1420 substituendus
603 1361 700 1431 esset,
739 1352 843 1416 eadem
876 1354 994 1416 ratione
1024 1375 1085 1435 qua
1121 1351 1300 1437 Eponymus
1333 1351 1429 1436 vulgo

334 1464 513 1549 simpliciter
543 1462 642 1544 ἄρχων
670 1462 793 1526 dicitur.
841 1461 964 1526 Crimen
988 1463 1141 1526 obiectum
1166 1471 1211 1525 est
1234 1461 1428 1526 tralaticium

331 1575 427 1652 illud,
460 1574 543 1658 quod
567 1574 710 1637 saevitiae
733 1573 861 1656 triginta
888 1574 1022 1636 virorum
1047 1574 1147 1636 socius
1171 1573 1297 1649 fuissem
1323 1573 1430 1656 singu-

331 1685 408 1748 laria
439 1685 511 1748 huic
543 1691 574 1746 et
595 1683 720 1768 propria
743 1705 803 1746 non
828 1682 1035 1766 proferuntur.
1083 1681 1150 1746 Nec
1173 1703 1349 1747 successum
1374 1683 1428 1745 ha·

331 1794 400 1858 buit
424 1795 539 1872 oratio;
565 1793 707 1856 Evander
730 1793 868 1876 proximo
896 1814 976 1856 anno
1003 1793 1156 1876 Eponymi
1183 1815 1311 1856 munere
1341 1793 1429 1854 func-

331 1911 382 1966 tus
406 1910 462 1966 est.

376 2012 485 2076 Oratio
516 2012 590 2076 satis
623 2020 669 2075 est
692 2011 772 2076 bona
797 2020 827 2074 et
849 2013 986 2095 integra3
1011 2034 1083 2074 nem
1107 2033 1185 2094 quae
1209 2010 1425 2076 desiderantur

329 2124 420 2188 initio
452 2145 514 2186 non
544 2121 644 2185 multa
676 2129 766 2198 sunt3
799 2122 867 2205 ipsa
890 2121 1105 2204 opportunitas
1129 2121 1276 2185 orationis
1301 2122 1423 2186 habitae

331 2232 479 2310 faciebat,
504 2239 540 2296 ut
563 2232 601 2295 de
624 2230 832 2294 Leodamante
855 2231 1027 2315 improbato
1052 2231 1181 2313 aliisque
1204 2231 1310 2309 rebus,
1328 2233 1422 2318 vulgo

332 2351 398 2408 turo
429 2344 527 2413 notis,
559 2364 621 2406 non
654 2342 774 2426 copiose
799 2347 878 2404 esset
901 2341 1117 2426 exponendum
1124 2367 1133 2418 3
1159 2363 1194 2406 ea
1218 2349 1313 2426 prout
1336 2366 1422 2427 argu-

331 2456 479 2519 mentatio
503 2452 681 2537 postulabat
703 2451 836 2516 breviter
858 2453 1019 2515 memorari
1042 2459 1193 2536 poterant.

376 2563 500 2627 Interiit
526 2563 606 2626 inter
638 2563 806 2626 orationem
835 2564 875 2624 25
901 2569 931 2625 et
955 2562 1034 2626 hanc
1057 2585 1139 2626 unus
1164 2563 1327 2645 quaternio
1350 2564 1370 2626 i.
1394 2585 1418 2624 e.

331 2675 459 2758 paginae
483 2673 588 2758 quales
611 2673 642 2736 in
668 2673 801 2736 editione
825 2672 964 2749 Scheibi,
986 2671 1217 2756 quatuordecim
1242 2673 1323 2748 fere,
1346 2693 1420 2754 quae

332 2782 529 2848 continebant
562 2782 730 2845 secundum
759 2782 893 2846 indicem
916 2782 1058 2846 Palatino
1081 2782 1290 2866 praepositum
1314 2783 1421 2844 oratio·

330 2913 401 2956 nem
431 2892 513 2955 nard
543 2891 660 2955 Νικίδου
689 2887 796 2970 ιὶρνίος
828 2893 876 2975 (of.
906 2891 1020 2976 Saupp.
1054 2914 1100 2976 ep.
1130 2915 1159 2975 p.
1186 2895 1220 2970 7,
1246 2893 1321 2976 sq.),
1347 2913 1421 2975 quae

331 3008 431 3064 totum
462 3023 558 3086 paene
590 3003 821 3087 quaternionem
852 3003 1002 3086 explevit3
1034 3025 1105 3066 nam
1137 3003 1169 3065 in
1193 3002 1252 3065 fine
1275 3001 1421 3065 orationis

332 3115 374 3174 25
400 3112 540 3176 similiter
563 3135 625 3176 non
649 3112 709 3176 nisi
732 3135 830 3197 pauca
852 3114 1004 3177 interiisse
1027 3113 1180 3177 videntur.

392 3341 494 3385 xxvn.
524 3341 779 3386 nar¹an1xrarora
794 3349 842 3386 nar
856 3349 918 3386 'rna
932 3349 1183 3388 arnmrzasrmn.
1206 3349 1359 3392 εηιοοτοε,

770 3438 811 3475 ηε
826 3439 982 3476 erounroa.

375 3635 445 3718 tt.
492 3633 589 3718 Saepe
620 3634 654 3698 hi
680 3633 766 3699 vobis
790 3633 951 3712 dixerunt,
976 3635 1037 3697 nisi
1060 3640 1256 3698 coerceantur
1279 3634 1420 3718 rapinae,

331 3765 407 3827 quas
436 3743 496 3828 ipsi
526 3742 730 3822 denuncient,
762 3745 898 3830 peritura
929 3765 994 3808 esse
1018 3744 1104 3809 vobis
1128 3743 1282 3828 stipendia
1306 3743 1422 3827 (ἐπιλεί-

330 3858 381 3930 ψει
411 3854 489 3929 durio
521 3857 538 3928 ἡ
568 3854 750 3938 μισθοφορά).
796 3855 855 3919 Κοιὶ
887 3861 935 3920 νῦν
964 3854 1041 3919 οὐδὲν
1073 3853 1156 3930 ἦττον
1179 3859 1313 3938 τοσοῦτον
1334 3853 1419 3926 ἐνδεῖ,

330 3959 404 4026 ὥστε
432 3961 466 4025 τὸ
489 3961 542 4036 μὲν
562 3964 712 4036 πλῆθος..
727 4014 757 4029 ..
778 3963 828 4028 xci
852 3967 869 4039 ἡ
893 3963 1021 4043 οιῐοχύνν
1044 3964 1061 4038 ἦ
1084 3963 1132 4028 tric
1153 3963 1261 4028 τούτων
1285 3963 1353 4037 ὑμῖν
1376 3961 1420 4038 νί-

330 4093 451 4152 γνετιιι,
476 4073 493 4145 ιὶ
516 4070 687 4153 &detinere
708 4071 827 4144 τούτοις.
862 4071 1019 4136 Lacunam
1044 4073 1169 4155 agnovit
1189 4071 1348 4146 comeus,
1367 4070 1419 4154 qui

330 4186 433 4242 tamen
463 4180 496 4243 in
528 4181 679 4245 sententia
702 4180 919 4245 constituenda
942 4183 1069 4245 erravit:
1094 4180 1202 4264 „quod
1225 4180 1277 4244 isti
1301 4202 1418 4264 semper

329 4288 552 4368 „diotitabant,
576 4312 660 4354 nunc
682 4291 790 4354 saltem
814 4313 918 4354 verum
943 4299 1005 4368 est3
1030 4312 1127 4375 quum
1150 4291 1194 4354 ita
1217 4291 1340 4354 attritae
1357 4292 1417 4354 sint

329 4399 485 4477 „civitatis
515 4422 606 4485 opes,
638 4408 674 4464 ut
706 4401 779 4485 [nisi
812 4407 1007 4464 coerceantur
1038 4401 1147 4464 horum
1175 4401 1317 4485 rapinae,
1342 4401 1416 4485 peri·
