3074 5210
815 484 876 545 lna

345 681 391 746 Ib.
438 684 599 763 Νικήρατος
629 681 754 765 (Calliae
785 683 866 746 filius
898 682 954 746 sub
988 703 1052 746 xxx
1087 683 1160 747 viris
1194 685 1397 767 interfectus)

298 791 321 856 δ’
344 790 386 858 dr)
409 793 597 869 circitanum,
622 795 752 875 οὶονύονον
775 795 827 871 μὲν
854 795 870 869 ἢ
895 797 1010 874 χρυσίον
1033 795 1089 859 οὐδ’
1110 797 1196 868 αὐτὸς
1215 796 1274 879 ἔφη
1291 819 1395 860 κον-οι-

296 907 406 970 astura
429 905 524 982 οὐδέν,
547 907 631 970 &aab
653 909 715 980 τὴν
738 908 858 970 οὑσίονν
881 901 913 981 ἣν
936 907 1078 971 κοοτέλνσε
1101 909 1141 987 τῷ
1161 909 1232 981 υἱεῖ,
1251 910 1282 971 οὐ
1303 909 1393 972 πλεί-

295 1039 352 1086 ονος
376 1016 462 1092 σὀξίοο
485 1016 579 1081 ἐστὶν
603 1017 620 1092 ἢ
643 1016 788 1097 τεττάρων
810 1017 859 1082 acl
883 1017 953 1082 δέκα
975 1018 1139 1084 aaronita.
1186 1017 1393 1082 constructio

295 1128 460 1192 admodum
483 1127 568 1191 dura.
615 1127 695 1192 Raro
719 1130 844 1193 omnino
867 1129 899 1192 in
923 1130 1103 1193 attractione
1126 1129 1245 1193 inversa
1265 1151 1394 1194 accusa·

293 1242 375 1304 tirus
406 1239 538 1304 nominis
570 1246 640 1303 ante
671 1240 831 1304 relativum
864 1263 917 1326 pro
947 1240 1135 1304 nominativo
1166 1239 1393 1321 substituitur,

293 1352 352 1415 nisi
375 1351 429 1415 ubi
451 1351 483 1414 in
507 1351 643 1435 longiore
667 1351 791 1436 periodo
815 1375 851 1416 ex
875 1353 1043 1416 sententiae
1068 1352 1307 1418 conformatione
1332 1355 1396 1418 ali-

293 1483 383 1545 quam
415 1462 506 1526 habet
537 1462 769 1547 explicationem
801 1486 839 1527 an
863 1464 1107 1541 excusationem3
1133 1464 1228 1528 veluti
1251 1446 1393 1548 Lycurg.

293 1573 359 1637 adv.
384 1573 490 1637 Leocr.
513 1576 530 1658 b
553 1576 612 1636 42:
637 1575 686 1638 aa}
709 1576 757 1639 τὸν
781 1576 881 1657 δῆμον,
900 1573 928 1640 ὃν
944 1575 1075 1656 πρότερον
1091 1575 1315 1652 Λακεδαιμόνιον
1332 1576 1392 1639 καὶ

291 1688 508 1760 Πελοποννήσιον
538 1687 587 1750 acl
615 1687 639 1750 οἱ
666 1689 718 1754 τῖον
745 1686 849 1752 'nutat
884 1693 1082 1759 κοοσοοκοῦντες
1109 1685 1252 1761 Ἕλληνες
1282 1686 1392 1762 βοηθὸν

292 1799 502 1872 ε’σεκοολοῦντο,
535 1793 614 1868 οὗτος
646 1799 743 1875 ἐδεζσο.
791 1795 872 1860 Nam
901 1797 945 1862 ibi
977 1821 1030 1882 per
1058 1796 1138 1870 οὗτος
1170 1798 1257 1883 qnasi
1280 1797 1390 1861 denuo

291 1908 457 1971 resumitur
484 1909 580 1970 oratic
612 1916 648 1970 ut
679 1915 724 1972 ost
752 1908 833 1992 apud
857 1908 1002 1972 Plautum
1025 1908 1114 1994 Capt.
1140 1909 1216 1994 prol.
1243 1914 1278 1972 1:
1302 1908 1389 1985 „hos

290 2041 389 2103 „quos
414 2019 522 2083 ridetis
546 2029 625 2084 stare
650 2020 698 2084 hic
721 2021 856 2104 captivos
880 2021 974 2100 duos,
999 2022 1093 2085 vincti
1117 2022 1190 2106 quia
1208 2028 1327 2097 astant,
1348 2023 1393 2085 la·

292 2136 397 2207 „stant
417 2131 506 2195 ambo
528 2153 590 2195 non
614 2130 751 2195 sedent.'’
786 2131 826 2194 m
846 2134 971 2197 omnino
987 2135 1110 2198 comicis
1125 2131 1245 2197 Latinis
1262 2154 1298 2196 ex
1313 2132 1387 2194 imi-

291 2243 407 2305 tatione
430 2242 585 2306 familiaris
609 2244 842 2308 consuetudinis
865 2267 976 2328 magna
999 2253 1045 2308 est
1067 2246 1099 2309 in
1115 2245 1163 2308 his
1179 2244 1321 2322 libertae,
1339 2243 1382 2307 de

292 2375 354 2436 quo
376 2377 459 2417 nunc
483 2353 612 2417 sufficiet
634 2353 768 2437 relegare
792 2354 828 2418 ad
854 2355 1028 2433 Holtaium,
1052 2355 1138 2440 Synt.
1163 2357 1266 2440 script.
1284 2355 1378 2440 prisc.

292 2465 393 2529 Latin.
418 2487 516 2550 usque
540 2465 578 2528 ad
598 2464 791 2542 Terentium,
813 2464 839 2529 I.
861 2488 890 2550 p.
909 2468 984 2544 38⁷,
1001 2489 1046 2550 sq.
1068 2467 1117 2530 Ad
1133 2465 1308 2550 Lycurgum
1325 2467 1377 2530 l.l.

290 2600 327 2641 ex
350 2576 507 2640 Herodoto
531 2575 629 2640 simile
653 2576 823 2661 exemplum
848 2576 934 2641 affert
953 2579 1067 2643 amicus
1088 2601 1144 2642 van
1161 2578 1220 2642 den
1236 2577 1288 2641 Es.
1314 2577 1378 2642 Sed

289 2690 364 2754 haec
388 2710 405 2751 a
420 2687 528 2774 Lysiae
544 2689 610 2750 loco
628 2709 723 2772 aeque
738 2689 800 2751 fere
816 2687 960 2752 differunt
976 2712 1010 2753 ac
1026 2689 1104 2752 Plat.
1123 2689 1247 2754 Menon.
1263 2691 1315 2752 81.
1328 2688 1375 2751 E:

290 2796 321 2876 ἣν
345 2805 492 2873 καλοῦμεν
515 2797 656 2875 patara,
680 2798 840 2874 οὶνοέμννσίς
864 2801 950 2864 ε’σσνν.
982 2799 1029 2862 Ex
1052 2801 1089 2863 iis
1106 2800 1232 2883 quaein
1249 2821 1376 2884 gramm.

289 2933 357 2975 mea
373 2914 390 2996 p
407 2913 446 2974 51
461 2912 498 2973 A.
512 2913 554 2972 118
572 2910 665 2973 allata
680 2917 753 2974 sunt
769 2912 903 2995 proxime
920 2911 1036 2976 accedit
1050 2912 1144 2976 Isocr.
1160 2915 1189 2974 6.
1203 2915 1263 2974 48:
1281 2913 1311 2975 οὐ
1324 2913 1378 2985 τὴν

289 3017 514 3101 μὲνέ’μπε1ρ1οον
537 3025 653 3097 μᾶλλον
676 3027 732 3085 τῶν
755 3020 854 3086 ἄλλων
877 3023 999 3105 ἔχομεν,
1024 3025 1172 3088 arcaturiam
1193 3019 1289 3086 δὀἵοον
1305 3019 1377 3086 οἶνοι

289 3135 347 3214 χρὴ
359 3133 441 3213 rapat
453 3132 546 3210 μόνοις
562 3135 630 3210 ἡμῖν
647 3135 718 3198 ἐστι.
742 3131 789 3196 llx
805 3132 955 3218 Sophocle
972 3140 1100 3218 possunt
1112 3133 1185 3198 addi
1200 3132 1275 3198 Ο.Τ.
1294 3137 1376 3210 149,

288 3244 396 3308 Trach.
427 3245 500 3307 283.
540 3242 655 3308 Verum
686 3245 718 3307 in
753 3253 838 3308 tanta
869 3244 1051 3309 emendandi
1073 3244 1218 3308 facilitate
1243 3244 1290 3307 his
1313 3266 1374 3306 non

289 3355 424 3419 adducor
439 3363 475 3418 ut
491 3353 600 3440 Lysiae
616 3355 717 3419 locum
735 3355 888 3440 integrum
906 3357 1091 3434 existimem
1110 3378 1147 3419 ex
1158 3361 1373 3424 ΑΞΙΛΕΟΤΙΝ

288 3467 480 3552 transpositis
504 3466 613 3530 litteris
637 3475 854 3535 ΑΞΙΑΝΙΟΤΕ
877 3467 897 3531 i.
922 3489 947 3530 e.
965 3465 1051 3539 οὶέἰοον
1066 3465 1130 3531 ἴστε
1150 3465 1266 3528 conieci
1286 3465 1375 3550 scrip-

288 3585 354 3642 tum
382 3578 490 3655 fuisse,
516 3577 600 3662 quod
622 3577 748 3642 Reiskio
773 3598 894 3662 quoque
917 3578 948 3641 in
973 3584 1107 3641 mentem
1129 3576 1245 3640 venisse
1270 3584 1374 3660 postea
1460 3657 1465 3668 Ι

288 3688 497 3753 animadverti.
544 3688 612 3752 Hoc
644 3710 698 3753 cur
728 3711 832 3752 verum
862 3697 983 3775 putem,
1009 3687 1126 3752 accedit
1148 3686 1231 3772 quod
1255 3687 1288 3750 in
1311 3685 1374 3749 vul-

287 3807 357 3886 gata
380 3800 509 3865 lectione
533 3799 608 3884 qnid
632 3800 690 3865 sibi
712 3799 806 3863 velint
829 3799 886 3864 οὐδ’
909 3800 997 3870 οούτδο
1019 3821 1082 3863 non
1098 3798 1294 3884 perspicuum
1310 3803 1356 3861 est
1363 3821 1372 3874 ;

286 3933 367 3977 nnnc
391 3912 471 3976 enim
495 3912 653 3977 affirmatio
676 3910 813 3976 Nicerati
836 3911 1002 3997 opponitur
1025 3911 1067 3987 ei,
1093 3909 1175 3993 quod
1193 3909 1286 3992 vulgo
1303 3931 1373 3971 con-

286 4023 388 4088 stabat
420 4021 458 4086 de
489 4023 554 4087 eius
585 4023 684 4087 bonis.
732 4023 791 4086 llla
818 4023 1010 4107 oppositione
1037 4023 1071 4085 in
1098 4020 1221 4104 vulgata
1247 4021 1370 4094 omissa,

286 4133 424 4198 Nicerati
445 4134 655 4198 testimonium
678 4135 780 4219 potius
804 4141 833 4197 et
853 4135 974 4218 gravius
990 4133 1103 4196 dicitur
1119 4153 1210 4217 quam
1227 4131 1371 4207 aliorum,

286 4268 382 4330 qnnm
408 4252 510 4309 tamen
538 4246 602 4310 eins
625 4247 786 4309 interesset
807 4267 871 4309 rem
894 4267 981 4308 snam
1004 4244 1182 4308 familiarem
1206 4264 1298 4326 quam
1320 4241 1373 4304 mi·

285 4357 398 4421 nimam
429 4357 543 4434 dicere;
571 4356 705 4421 instabat
729 4363 810 4420 enim
833 4355 1001 4441 publicatio
1025 4354 1183 4419 bonorum.
1231 4352 1370 4436 Denique

285 4492 427 4555 praesens
450 4469 513 4534 ἐσσί
534 4483 644 4552 parum
667 4475 782 4551 aptum.
