3128 5208
690 483 730 548 47

159 683 294 760 γεγονώς
317 697 452 768 pugnare
475 705 544 747 eum
568 681 685 766 vulgari
708 681 860 746 sententia
884 679 922 744 de
947 678 1115 744 Andocidis
1139 683 1253 754 aetate,

161 817 203 857 ex
226 816 289 878 qua
311 801 402 858 natus
427 793 545 858 estol.
572 797 623 859 78.
652 795 686 872 l,
714 800 747 858 ut
770 815 853 858 nuno
879 814 974 856 annos
999 797 1101 876 ageret
1124 789 1255 874 amplius

160 905 334 989 sexaginta.
943 903 946 910 '

211 1014 251 1078 In
274 1037 307 1078 re
330 1017 526 1100 grammatica
549 1014 734 1101 exploranda
757 1016 866 1101 partim
888 1014 993 1079 eadem
1013 1037 1060 1078 res
1076 1019 1134 1078 est.
1174 1009 1254 1075 Nam

162 1135 202 1190 ut
226 1127 348 1190 redeam
372 1127 411 1191 ad
433 1130 450 1212 ξ
473 1131 510 1206 6,
535 1129 599 1192 fieri
622 1135 723 1213 potest
746 1135 782 1192 ut
804 1127 863 1191 ἀπὸ
885 1134 940 1192 τῶν
967 1128 1042 1191 πολὺ
1064 1123 1255 1207 διαφερόντων

160 1237 180 1314 ἢ
207 1245 303 1303 κακῶν
326 1239 343 1314 ἢ
367 1240 485 1317 οὶγαθῶν
511 1238 647 1322 (additur
665 1239 772 1319 ἔργον,
797 1238 881 1323 quod
897 1238 1023 1301 fortasse
1038 1233 1252 1318 omittendum)

160 1349 233 1420 τοὺς
251 1350 431 1424 ποιήσαντας
447 1349 657 1427 γιγνώσκεσθαι
670 1371 724 1434 pro
737 1351 769 1414 ἐκ
785 1347 897 1430 dixerit
911 1347 972 1414 οὶσό
988 1347 1096 1432 Lysiae
1108 1346 1252 1430 aequalis,

161 1459 429 1543 quemadmodum
458 1459 566 1524 Aesoh.
594 1463 621 1524 l.
646 1463 707 1537 44³,
737 1459 816 1523 Plat.
845 1457 943 1524 Oonv.
968 1460 1042 1521 222.
1067 1457 1111 1534 Β;
1140 1465 1176 1520 ut
1198 1455 1256 1519 aa·

162 1585 267 1651 χληκε
298 1591 369 1634 oum
396 1571 616 1653 recentioribus
646 1593 700 1656 pro
728 1572 878 1651 ἠνώχληκε
900 1570 993 1634 semel
1022 1569 1158 1654 posuerit
1165 1593 1174 1646 3
1204 1566 1257 1630 sed

164 1682 195 1744 si
227 1681 275 1745 his
307 1680 459 1744 addideris
491 1680 596 1745 eodem
619 1681 687 1744 loeo
710 1682 809 1753 πόλεις
836 1681 978 1766 usurpari
1001 1679 1039 1744 de
1062 1679 1257 1764 regionibus,

165 1791 265 1876 paulo
287 1799 357 1876 post
373 1791 504 1870 soloeee,
522 1801 558 1856 ut
574 1793 697 1878 opinor,
715 1771 945 1857 coniunetivum
963 1813 1034 1855 oum
1049 1788 1085 1855 ἄν
1101 1789 1257 1854 collocari:

163 1901 378 1968 κεκολάκευκεν
401 1899 421 1986 ᾧ
441 1903 478 1969 ἂν
497 1902 695 1982 ξυγγένηται,
713 1903 853 1968 fateberis
868 1903 923 1966 illa
938 1903 1040 1989 priora
1055 1902 1260 1986 suspicionem

165 2034 299 2096 augere3
320 2015 385 2078 fieri
409 2016 490 2078 enim
513 2016 563 2078 vix
586 2021 687 2100 potest
708 2022 746 2078 ut
769 2014 878 2100 Lysiae
902 2013 1036 2098 aequalis
1060 2021 1160 2076 orator
1178 2012 1261 2075 intra

166 2133 234 2188 tam
267 2125 357 2190 breve
388 2127 519 2211 spatium
551 2134 599 2190 tot
628 2127 793 2190 insolentia
825 2127 883 2190 sibi
914 2125 1051 2190 excidere
1081 2147 1187 2210 passus
1211 2125 1259 2187 sit.

166 2237 283 2314 Mitto,
304 2244 340 2300 ut
363 2259 496 2322 aequum
520 2245 581 2315 est,
606 2259 741 2322 eaquae
764 2237 846 2301 facili
869 2238 993 2322 negotio
1017 2235 1170 2300 emendari
1194 2258 1260 2320 pos-

166 2356 264 2425 sunt,
288 2347 384 2412 veluti
407 2346 436 2421 ὃς
459 2351 566 2430 τέχνη-ν
587 2349 700 2424 ταύτην
723 2349 786 2429 ἔχει
809 2349 857 2432 (oi.
878 2351 905 2411 l.
923 2350 973 2432 le)
993 2348 1059 2418 τοὺς
1079 2347 1132 2424 μὲν
1144 2348 1260 2428 ἐχθροὺς

167 2459 261 2537 μηδὲν
284 2466 372 2523 ποιεῖν
395 2459 519 2542 κακόν,
543 2460 609 2532 τοὺς
632 2459 661 2523 δὲ
684 2461 787 2540 Φίλονς
810 2456 828 2522 ὅ
846 2459 932 2524 σι’ὃον
954 2460 1070 2530 δύνηται
1086 2461 1192 2534 κακόν,
1208 2459 1262 2523 ubi

168 2569 260 2654 prius
280 2569 368 2634 κοινόν
385 2571 523 2633 certatim
539 2571 693 2634 aieeerunt
705 2569 961 2648 Valckenaerius,
978 2569 1148 2648 SluiteruS,
1167 2569 1263 2634 Cobe-

170 2687 244 2756 tus,
268 2680 381 2743 iniuria
404 2681 539 2744 restituit
562 2680 737 2759 Scheibius;
763 2689 794 2744 et
813 2687 860 2746 νῦν
879 2679 925 2746 οὖν
945 2683 1011 2758 ὑμῖν
1029 2685 1057 2746 ἐν
1069 2683 1187 2764 οὶνοίγκη
1200 2683 1261 2747 ἐστὶ

171 2790 391 2868 βουλεύσασθαι
422 2790 484 2871 περὶ
516 2794 622 2874 αὐτοῦ,
662 2791 744 2875 quod
778 2791 897 2855 medius
927 2792 1017 2855 fidius
1048 2813 1111 2855 nou
1141 2815 1263 2856 neeesse

174 2907 242 2964 erat
272 2899 388 2977 diaere;
421 2902 507 2985 quasi
539 2919 608 2964 vero
638 2901 754 2965 iudices
777 2901 919 2965 dubitare
942 2909 1083 2986 possent,
1106 2927 1182 2967 num
1205 2903 1264 2968 dis-

173 3010 361 3078 canendum
384 3020 464 3076 esset
486 3012 523 3077 de
547 3030 638 3077 eausa
660 3014 698 3076 ad
722 3037 753 3077 se
777 3013 894 3092 delata3
913 3015 974 3078 'sed
990 3015 1185 3080 scribendum
1200 3017 1262 3096 napi

175 3123 279 3188 αὐτῶν.
316 3121 427 3187 Vestra
454 3124 608 3208 ipsorum,
638 3126 758 3209 inquit,
790 3125 972 3188 existimatio
996 3127 1105 3210 agitur.
1145 3127 1186 3190 Et
1205 3126 1263 3189 hoo

174 3232 299 3296 demum
316 3235 456 3319 sequitur
472 3257 507 3298 ex
523 3234 747 3318 superioribus:
763 3237 794 3300 οὐ
810 3235 900 3318 ῥᾴδιον
916 3237 992 3300 ἐστιν
1009 3237 1076 3314 ὑμῖν
1092 3239 1171 3318 αὐτῷ
1187 3238 1262 3302 οὐδὲν

176 3344 383 3424 χαρισαμένοις
407 3347 489 3426 νεαροὶ
510 3346 544 3409 τὸ
566 3346 670 3410 δίκαιον
692 3349 790 3411 λαθεῖν
809 3346 874 3417 τοὺς
895 3347 1052 3421 Ἕλληνας.
1077 3348 1114 3411 cf.
1133 3350 1184 3412 28.
1206 3349 1263 3412 lo:

178 3453 210 3520 εὖ
232 3456 295 3536 περὶ
320 3457 414 3520 αὐτῶν
436 3455 636 3532 βουλεύσεσθε.
664 3457 713 3519 18.
742 3459 798 3520 15:
824 3454 1179 3536 tornamentorum
1203 3485 1266 3524 σον-

179 3567 270 3632 aaran
305 3567 503 3644 βεβαιώσετε,
534 3564 556 3632 ἃ
585 3567 610 3631 δ’
641 3569 737 3639 αὐτοῖς
764 3569 950 3648 ἐψηφίσασθε
979 3568 1050 3636 οὕτω
1081 3571 1180 3654 ῥᾳδίοις
1204 3571 1265 3634 δια-

181 3681 285 3744 λύσετε
316 3685 348 3740 et
377 3676 470 3762 paulo
494 3683 563 3761 post
586 3678 641 3749 τας
665 3679 732 3756 πρὸς
756 3679 860 3750 αὐτοὺς
884 3680 1055 3766 (συνθήκας).
1079 3681 1158 3746 Xon.
1182 3681 1265 3745 Hell.

181 3789 206 3852 I.
240 3792 269 3854 7.
302 3791 362 3852 29:
398 3790 506 3852 ἑαυτῶν
536 3787 620 3860 ὄντας
650 3789 716 3860 τοὺς
751 3791 859 3866 νόμους.
892 3789 967 3854 Infr.
988 3795 1045 3866 12.
1070 3794 1129 3856 33:
1154 3794 1184 3857 οὐ
1207 3794 1267 3872 γὰρ

180 3901 262 3978 μόνον
294 3903 364 3978 Ιιὶροῖν
401 3907 532 3979 παρεῖναι
566 3902 616 3964 οὐκ
652 3899 735 3985 ἐξῆν,
767 3904 838 3966 ἀλλ’
869 3904 930 3967 οὐδὲ
960 3907 1029 3982 παρ’
1058 3905 1157 3976 αὑτοῖς
1186 3901 1266 3970 εἶναι,

182 4011 323 4096 Aeschyl.
347 4035 395 4097 ap.
420 4011 515 4075 Arist.
539 4012 596 4075 Av.
622 4013 685 4074 808
710 4013 778 4076 ooll.
804 4014 916 4078 schot:
940 4015 1005 4080 ταδ’
1023 4019 1080 4096 οὐχ
1097 4017 1147 4080 ὑπ’
1168 4014 1267 4081 ἄλλων

182 4123 265 4188 ἄλλα
288 4131 347 4194 τοῖς
369 4123 461 4186 αὐτῶν
485 4128 597 4201 πτεροῖς
621 4120 835 4199 Ἁλισκὸμεσθα
858 4132 889 4188 et
912 4124 962 4188 all.

227 4232 285 4296 Sed
308 4232 436 4317 longum
459 4240 521 4308 est,
547 4233 669 4316 singula
691 4235 848 4318 persequi,
874 4257 950 4319 quae
973 4237 1074 4300 minus
1091 4243 1170 4300 reete
1187 4235 1269 4300 diota

186 4351 273 4421 sunt,
306 4367 342 4408 ex
373 4343 483 4426 quibus
514 4364 584 4426 pars
607 4351 688 4406 certe
710 4343 841 4408 librariis
865 4345 1010 4424 debetur3
1034 4355 1134 4412 tamen
1158 4348 1288 4410 horum·

186 4475 328 4518 uumerus
359 4461 464 4519 tantus
495 4461 559 4532 est,
593 4461 627 4516 ut
656 4453 746 4539 eulpa
769 4456 923 4540 scriptoris
947 4460 1051 4542 negari
1073 4482 1136 4524 non
1159 4459 1265 4544 possit.
