3126 5210
340 643 459 728 generis
482 650 573 722 sunt,
603 652 639 708 ιιι
662 643 833 729 euphoniae
857 645 997 709 studioso
1021 646 1136 709 oratori
1160 646 1248 710 facile
1272 648 1437 730 potuerint

341 754 497 831 excidere,
523 777 578 818 nec
602 753 813 839 improbanda.

385 863 557 928 Subductis
584 865 756 929 rationibus
787 864 866 929 nihil
897 865 986 930 video
1018 866 1178 950 equidem,
1212 867 1296 950 quod
1323 865 1437 951 Lysiae

340 974 446 1038 stilum
470 974 624 1038 dedeceat.
673 973 767 1054 Quod
799 975 951 1060 quaedam
982 976 1020 1040 ab
1052 976 1181 1041 historia
1208 977 1378 1054 recedunt,
1404 977 1436 1039 in
1549 963 1550 972 ἵ

339 1107 405 1147 eam
436 1093 553 1170 partem
583 1086 641 1149 erit
664 1085 945 1170 interpretandum,
971 1094 1007 1150 ιιι
1031 1087 1177 1152 callidum
1202 1088 1306 1173 potius
1330 1109 1438 1151 causa·

340 1218 408 1257 rum
433 1203 595 1279 patronum
619 1219 710 1280 quam
734 1196 864 1281 probum
889 1197 988 1260 virum
1011 1220 1043 1260 se
1066 1205 1210 1282 praestet.

595 1427 709 1472 xxvffl.
740 1428 807 1473 KAT'
828 1433 1005 1476 ΕΡΓΟΚΔΕΟΤΣ
1027 1436 1173 1476 ΕΠΙΛΟΓΟΣ·

387 1627 532 1713 Ergocles
562 1628 745 1712 Thrasybuli
773 1630 805 1694 in
830 1630 941 1694 ultima
968 1631 1034 1695 eius
1059 1630 1253 1717 expeditione
1277 1629 1380 1692 socius
1406 1636 1438 1692 et

343 1740 460 1802 amicus
479 1739 602 1816 iisdem,
620 1740 733 1823 quibus
749 1739 802 1803 ille
819 1741 998 1804 criminibus
1015 1742 1112 1805 teneri
1129 1741 1243 1805 dicitur
1258 1742 1285 1824 (b
1302 1743 1321 1802 d
1339 1750 1372 1804 et
1390 1743 1436 1823 8);

343 1848 397 1912 sed
427 1848 655 1933 Thrasybulum
685 1850 765 1913 inter
796 1850 912 1914 bellum
942 1871 1024 1914 mors
1056 1856 1260 1935 occupaverat
1291 1871 1318 1912 a.
1352 1851 1438 1926 389,

343 1943 488 2042 Ergocles
520 1958 646 2022 domum
680 1966 840 2023 revocatus
875 1981 998 2024 causam
1034 1959 1133 2024 dicere
1165 1959 1295 2044 cogitur.
1343 1959 1439 2043 Apud

344 2067 580 2152 Xenophontem
614 2068 696 2133 Hell.
728 2068 784 2134 IV.
819 2073 848 2134 8.
882 2073 1013 2133 25-30
1046 2092 1125 2155 quae
1149 2069 1296 2154 leguntur
1318 2070 1440 2134 faciunt
1551 2061 1552 2110 1

344 2186 379 2241 ut
402 2177 493 2242 fidem
517 2178 644 2243 habeam
668 2180 725 2257 iis,
750 2202 829 2263 quae
852 2179 891 2244 de
915 2181 1004 2244 sociis
1027 2180 1156 2265 direptis
1178 2181 1211 2243 in
1227 2180 1284 2243 hac
1299 2181 1439 2244 oratione

343 2292 360 2374 p
385 2293 423 2354 17
449 2289 606 2354 dicuntur.
652 2287 733 2354 Nam
758 2312 855 2374 quum
878 2291 911 2354 in
930 2291 1103 2355 Teleutiam
1118 2290 1263 2355 Rhodum
1279 2299 1437 2355 tenentem

341 2399 453 2464 missus
477 2408 557 2464 esset
574 2399 803 2486 Thrasybulus,
821 2401 970 2486 primum,
987 2409 1023 2465 ut
1040 2403 1200 2487 pecuniam
1221 2402 1279 2466 sibi
1297 2413 1437 2485 pararet,

342 2510 473 2594 Byzanti
494 2511 664 2595 portorium
685 2511 853 2576 anavibus
874 2534 910 2575 ex
927 2511 1131 2596 Hellesponto
1155 2512 1290 2576 advectis
1314 2513 1438 2596 exigen-

343 2620 417 2684 dum
445 2621 558 2686 locavit
581 2613 609 2706 (d
626 2624 698 2706 27),
722 2629 789 2686 ιιιιιι
812 2621 947 2686 Lesbum
971 2645 1153 2708 expugnans
1176 2645 1261 2706 spem
1284 2622 1438 2687 militibus

342 2731 489 2816 pecuniae
513 2738 647 2826 ostentat
669 2733 697 2816 (d
720 2733 792 2816 28),
813 2731 946 2816 denique
965 2731 1127 2810 Rhodum,
1145 2739 1175 2796 et
1191 2731 1303 2795 deinde
1319 2733 1440 2817 Aspen-

342 2841 416 2904 dum
446 2842 479 2905 in
509 2841 723 2927 Pamphyliam
755 2848 879 2920 vectus,
914 2842 1032 2926 ubique
1062 2842 1178 2906 tributa
1209 2863 1226 2905 a
1258 2841 1439 2906 civitatibus

342 2952 439 3036 exigit
461 2954 491 3036 (b
514 2955 579 3036 30).
625 2950 736 3037 Neque
759 2959 863 3016 tamen
886 2952 944 3016 hoc
968 2953 1067 3037 egisse
1090 2951 1261 3016 censendus
1286 2959 1333 3015 est
1349 2951 1390 3014 ad
1406 2973 1439 3014 se
1552 2951 1553 2954 ’

343 3062 618 3147 locupletandum,
642 3063 743 3148 qualis
767 3063 903 3148 suspicio
926 3085 990 3128 non
1013 3064 1159 3128 convenit
1181 3064 1214 3127 in
1237 3084 1338 3126 mores
1362 3061 1439 3139 viri,

343 3195 414 3237 cum
437 3173 476 3238 ab
501 3173 586 3251 aliis,
611 3180 680 3236 tum
704 3195 721 3236 a
744 3172 969 3258 Xenophonte,
993 3195 1085 3259 parce
1108 3174 1288 3258 ceteroquin
1312 3172 1442 3236 Atheni-

344 3305 430 3347 enses
454 3283 486 3346 in
510 3282 679 3348 Helleuicis
703 3282 867 3365 laudante,
894 3282 1039 3347 celebrati
1061 3283 1103 3348 ib.
1127 3286 1144 3368 p
1167 3286 1227 3347 31:
1251 3284 1302 3348 cal
1323 3283 1441 3361 epored-

342 3394 448 3472 βουλος
472 3393 525 3470 μὲν
549 3393 582 3468 δὴ
605 3393 695 3470 aare
718 3393 803 3457 δοκῶν
824 3394 893 3473 ἀνὴρ
917 3394 1030 3470 ἀγαθὸς
1046 3391 1118 3459 εἶναι
1134 3391 1221 3464 οὕτως
1238 3394 1438 3468 ἐτελεύτησεν.

343 3503 403 3568 Sed
426 3503 534 3567 fecisse
557 3502 660 3586 potius
684 3502 807 3566 videtur
830 3503 869 3568 ad
893 3503 1037 3568 alendum
1061 3505 1245 3581 exercitum,
1269 3504 1320 3568 cui
1336 3527 1439 3569 neces-

342 3614 421 3677 saria
444 3613 536 3676 domo
560 3634 622 3676 non
646 3613 720 3676 satis
741 3613 856 3677 fuerint
877 3613 1084 3699 suppeditata.
1121 3613 1224 3678 Verba
1239 3613 1350 3698 Lysiae
1365 3615 1382 3698 p
1400 3615 1434 3677 8:

344 3723 550 3805 Θρασύβουλος
579 3724 632 3802 μὲν
659 3720 722 3800 οὖν,
746 3720 767 3787 ὦ
790 3721 888 3805 ἄνδρες
914 3724 1076 3800 Ἀθηναῖοι,
1104 3725 1192 3807 (οὐδὲν
1218 3725 1278 3804 γὰρ
1305 3724 1350 3788 δεῖ
1373 3722 1437 3804 περὶ

343 3837 433 3900 αὐτοῦ
467 3834 559 3899 πλείω
594 3833 703 3920 λέγειν)
739 3839 857 3907 καλῶς
889 3836 1055 3910 ἐποίησεν
1089 3834 1175 3900 οὕτω
1210 3835 1436 3909 τελευτήσας

342 3945 401 4010 τὸν
434 3941 512 4021 βίον
544 3944 686 4008 consulto
721 3943 850 4008 obscura
881 3952 955 4008 sunt
986 3951 1016 4008 et
1050 3943 1210 4028 ambigua,
1239 3951 1275 4006 ut
1302 3943 1438 4027 suspicio

342 4061 536 4140 spargeretur
579 4053 805 4138 Thrasybulum
852 4053 1016 4118 imminens
1055 4054 1227 4138 periculum
1262 4052 1437 4116 voluntaria

341 4173 440 4229 morte
472 4165 682 4250 praevertisse.
730 4165 771 4227 Et
800 4165 893 4228 simili
917 4164 1086 4228 calliditate
1109 4165 1141 4228 in
1166 4164 1291 4247 reliquis
1315 4183 1438 4245 quoque

343 4276 524 4340 criminibus
549 4276 614 4339 sine
638 4274 734 4338 dubio
758 4282 861 4337 orator
884 4280 1021 4338 versatus
1046 4280 1102 4336 est.
1144 4270 1224 4336 Nam
1245 4271 1374 4355 Byzanti
1390 4293 1438 4334 oc·

344 4386 487 4470 cupatio,
521 4408 612 4469 quam
646 4407 663 4448 a
692 4384 884 4467 Thrasybulo
916 4393 947 4447 et
977 4383 1107 4467 Ergocle
1138 4382 1249 4446 factam
1274 4404 1338 4444 esse
1362 4364 1436 4444 dicit
