3074 5210
802 478 865 537 140

288 681 438 760 receptam
471 676 615 740 Διονυσίου
646 676 735 756 φίλου
767 675 842 746 ἔντος
874 679 923 740 acl
947 673 1035 752 ξένου.
1083 674 1132 738 Ita
1156 675 1270 760 optime
1298 675 1388 739 ratio

289 785 430 862 affertur,
471 809 524 850 cur
558 785 734 852 Eunomum
768 787 915 850 comitem.
942 787 1118 850 assumserit
1147 787 1386 872 Aristophanes.

289 897 381 977 Quod
403 898 479 962 alter
498 899 653 983 genitivus
676 899 844 982 (Διονυσίου)
869 921 906 962 ex
929 898 1024 962 altero
1041 899 1140 980 (φίλου
1156 899 1204 962 uel
1221 897 1312 983 ξένου)
1329 921 1386 962 su-

289 1032 417 1094 spensus
449 1017 508 1086 est,
534 1009 612 1073 nihil
636 1009 716 1073 inter
738 1007 1007 1094 pronunciandum
1030 1008 1131 1092 potuit
1154 1008 1322 1086 offendere,
1352 1020 1387 1073 et

289 1121 400 1184 similia
431 1118 503 1183 alibi
535 1121 753 1198 inveniuntur,
785 1119 882 1183 veluti
914 1118 992 1182 Plat.
1016 1117 1112 1203 Legg.
1127 1118 1217 1184 VIII.
1244 1121 1306 1182 840
1333 1119 1383 1183 B:

289 1233 364 1305 νίκνς
397 1229 480 1296 ἔνεκοι
509 1230 607 1304 τάλνς
638 1232 686 1296 uel
720 1231 837 1312 δρόμων.
884 1229 955 1294 Alia
982 1254 1017 1294 ex
1041 1231 1169 1294 Platone
1193 1230 1285 1295 habet
1311 1232 1382 1295 Ast.

289 1343 328 1406 ad
359 1335 453 1428 Leg'g.
486 1366 516 1428 p.
548 1346 607 1422 84,
641 1367 685 1427 sq.
719 1366 755 1407 ex
778 1342 958 1426 Thucydide
982 1351 1012 1407 et
1035 1338 1159 1427 tragicis
1183 1343 1315 1407 Lobeck.
1342 1344 1386 1408 ad

290 1455 338 1517 ni.
363 1477 392 1539 p.
418 1457 493 1518 334.
529 1452 602 1518 Non
625 1455 726 1519 minus
751 1454 893 1540 ambigue
917 1454 995 1519 duos
1018 1456 1138 1519 dativus
1154 1454 1255 1518 iunxit
1271 1454 1386 1540 Lysias

289 1567 340 1628 25.
366 1567 406 1630 27
432 1565 489 1629 sub
513 1565 533 1628 f.
558 1562 598 1636 οἷς
621 1566 678 1631 οὐδ’
700 1563 787 1640 άτοιξ
810 1565 996 1648 ἐλυσιτέλησε
1020 1566 1186 1656 πιθομένοις.

228 1653 230 1665 ¹
330 1678 422 1760 (25.
469 1675 603 1754 Demus,
627 1676 811 1760 Pyrilampis
836 1677 918 1740 filius
942 1699 1037 1760 quum
1061 1677 1094 1740 in
1112 1677 1259 1762 pecuniae
1275 1677 1387 1760 inopia

288 1796 458 1851 versaretur
491 1787 580 1873 petiit
607 1787 644 1852 ab
669 1795 789 1852 oratore
812 1798 848 1851 ut
872 1810 975 1852 secum
999 1788 1237 1872 Aristophanem
1261 1787 1382 1863 adiret;

288 1897 438 1982 petiturus
459 1905 530 1962 'erat
553 1898 590 1962 ab
615 1921 649 1961 eo
674 1898 805 1962 sedecim
828 1899 925 1962 mines
949 1907 1091 1977 mutuas,
1116 1921 1190 1982 quas
1215 1897 1307 1987 Cypri
1330 1900 1388 1964 illi

286 2010 463 2074 redditurus
493 2019 588 2087 esset3
621 2011 744 2074 interim
775 2010 911 2097 pignoris
935 2011 1003 2074 loco
1027 2010 1172 2075 daturum
1195 2033 1226 2074 se
1250 2033 1386 2076 aureum

287 2123 449 2208 poculum,
483 2123 566 2212 quod
598 2122 764 2209 aliquando
796 2145 813 2185 a
842 2121 925 2207 Rege
954 2130 1101 2207 tanquam
1131 2122 1301 2207 symbolum
1326 2124 1386 2188 ho-

229 2263 236 2276 ·
288 2235 396 2320 spitale
417 2235 592 2318 accepisset.
624 2234 663 2298 In
679 2235 758 2298 hanc
773 2235 956 2302 sententiam
973 2235 1064 2313 bene,
1082 2236 1206 2320 opinor,
1224 2234 1385 2321 Sauppius

287 2348 424 2432 scripsit:
456 2346 551 2424 λέγων
585 2350 611 2431 (ὁ
635 2349 748 2431 Δῆμος)
773 2343 815 2411 ἔτι
840 2348 935 2424 ἔλοιβε
957 2347 1106 2425 σύμβολον
1130 2348 1212 2428 σοιρά
1231 2347 1384 2425 βασιλέως

287 2464 338 2524 τοῦ
363 2458 498 2534 μεγάλου
521 2459 633 2539 φιάλιον
656 2468 780 2538 χρυσῆν,
806 2459 904 2522 δώσει
922 2459 946 2522 δ’
963 2458 1233 2541 Ἀριστοφάνει,
1256 2457 1385 2533 λαβὼν

289 2567 442 2634 {nminem
468 2572 545 2646 μνάς
573 2570 619 2632 ἐτ’
643 2571 735 2648 αὐτῇ,
765 2566 804 2633 ἔν’
827 2567 903 2650 ἔχοι
926 2570 1093 2633 άνιιλίσιιειν
1116 2569 1155 2640 εἰς
1176 2571 1227 2643 τὴν
1249 2591 1384 2649 τρινροιρ-

289 2683 378 2764 χίοιν,
411 2681 470 2745 nisi
502 2680 584 2763 quod
616 2702 671 2764 pro
701 2677 735 2743 ἵν’
762 2680 824 2760 ἔχοι
853 2702 924 2744 cum
952 2679 1050 2744 Balio
1073 2682 1277 2746 necessarium
1299 2686 1383 2764 puto

288 2789 324 2863 ἃς
348 2791 416 2869 eeu
441 2800 510 2876 post
532 2787 566 2854 ἔν’
585 2789 647 2870 ἔχοι
671 2791 752 2854 enim
773 2799 928 2875 exspectes
947 2793 1131 2868 τάνοινκοιΐοι.
1168 2790 1265 2854 Palat.
1285 2788 1384 2853 habet

288 2912 399 2984 χρυσῆν
421 2905 457 2976 ὥς
480 2903 689 2984 Ἀριστοφάνην
712 2903 819 2979 λαβεῖν
841 2941 885 2952 -
909 2907 985 2984 αὐτῇ
1009 2905 1045 2968 άν
1068 2901 1141 2984 ἔχοι.

242 3027 244 3032 ·
333 3017 350 3100 p
373 3016 425 3078 28.
460 3014 518 3078 ,De
542 3014 756 3099 Aristophanis
780 3013 867 3079 bonis
888 3037 980 3099 agens
1000 3021 1117 3078 orator:
1138 3015 1209 3078 άλλ’
1228 3015 1315 3077 ἐκεῖνο
1336 3014 1381 3076 ε’ν-

290 3126 439 3204 άυμεῒσέε,
463 3123 505 3190 ἔτι
534 3125 611 3210 [πρὶν
633 3127 798 3207 Νικοφήμῳ
817 3127 833 3201 ἢ
854 3127 903 3190 nal
921 3124 1139 3209 Ἀριστοφάνει]
1161 3125 1225 3202 πρὶν
1245 3126 1297 3198 τὴν
1312 3148 1382 3187 νοιυ·

290 3238 410 3318 μοιχίοιν
429 3245 541 3311 νικῆσιιι
561 3245 607 3314 νῆ
626 3237 689 3314 μὲν
708 3238 758 3300 οὐκ
777 3233 810 3312 ἦν
829 3235 900 3301 άλλ’
918 3235 1075 3316 ἢχωρίδιον
1087 3235 1184 3316 μικρὸν
1196 3237 1379 3312 Ῥιιμνοῦντι.

291 3350 341 3413 Ita
371 3349 462 3413 hodie
493 3348 554 3412 fere
584 3347 699 3431 legitur
726 3370 783 3435 pro
814 3372 851 3424 γε
879 3348 954 3424 palm
985 3347 1038 3411 sed
1068 3346 1122 3424 μέν
1145 3347 1247 3410 minus
1272 3354 1382 3430 aptum

289 3461 419 3525 videtur.
457 3459 659 3524 Redeundum
679 3459 799 3524 videtur
816 3460 854 3524 ad
874 3459 1036 3523 lectionem
1055 3458 1192 3522 Palatini
1206 3483 1278 3540 ρινν,
1296 3455 1382 3540 quod

290 3595 343 3657 per
371 3573 561 3655 frequentem
590 3571 800 3635 confusionem
828 3571 999 3635 litterarum
1031 3582 1090 3636 ΛΑ
1115 3578 1145 3634 et
1169 3579 1203 3635 M
1227 3567 1382 3633 exstitisse
1451 3645 1455 3650 Ι

290 3684 412 3748 videtur
435 3707 470 3747 ex
495 3681 591 3758 άλλνρι
619 3692 661 3760 γῆ
688 3683 767 3759 οέλλιρ
794 3686 845 3748 οὐκ
867 3680 1011 3777 tumn
1035 3683 1052 3759 ἥ
1075 3708 1102 3749 κ.
1127 3708 1153 3746 τ.
1177 3683 1199 3746 ἕ.
1236 3683 1288 3766 (Γῆ
1312 3681 1382 3758 ἡμῖν

291 3797 458 3860 sententiae
489 3795 686 3879 adversetur).
734 3795 894 3859 Praeterea
926 3795 1073 3858 excidisse
1096 3793 1217 3858 videtur
1240 3791 1381 3868 dativus,

291 3930 352 3993 qno
369 3929 456 3991 aegre
476 3928 630 3984 caremus,
653 3908 854 3985 Ἀριστοφάνει
873 3913 942 3991 post
962 3903 1022 3985 ἔτι;
1043 3929 1114 3970 nam
1130 3905 1221 3970 verba
1240 3903 1284 3968 ibi
1303 3903 1383 3967 lecta

291 4018 443 4103 adscripta
472 4015 615 4080 videntur
645 4017 739 4081 fuisse
768 4017 801 4082 in
830 4019 966 4102 margine
995 4018 1159 4083 alibrario
1182 4023 1219 4079 ut
1240 4015 1381 4078 lacunam

288 4139 358 4216 post
381 4128 482 4224 ἔτιϋοιι
505 4129 679 4193 coniectura
702 4130 868 4214 suppleret.

333 4243 350 4325 p
373 4243 425 4304 29.
456 4241 526 4306 ’Έτι
550 4240 579 4302 δὲ
602 4238 669 4316 πρὸς
692 4239 800 4311 τούτοις
824 4238 930 4304 electen
951 4241 1010 4321 χρὴ
1033 4241 1148 4304 ἔτιτλοι
1167 4239 1267 4304 πολλά
1286 4261 1383 4303 κοιτοι-

290 4353 468 4428 λελοισένοιι;
493 4351 543 4416 Sic
566 4360 689 4436 propter
713 4353 898 4416 sententiam
921 4352 1025 4416 malim
1049 4374 1141 4436 quam
1164 4373 1233 4416 cum
1255 4349 1383 4413 Reiskio

291 4462 378 4527 electe
402 4472 517 4544 χρῆνοιι.
564 4461 650 4526 Libri
673 4461 777 4528 οἴεσθιιι
800 4471 916 4544 χρῆνιιι.
961 4462 1078 4528 neem
1101 4465 1176 4544 χρά;
1200 4483 1296 4542 „num
1313 4481 1384 4526 eon·
