3074 5210
730 429 791 492 151

250 633 269 716 b
296 633 347 698 17.
393 631 638 709 ‚,Accusatores,
662 628 782 713 inquit,
807 635 875 692 tum
898 626 1014 712 populo
1037 649 1099 692 uon
1115 627 1306 712 opitulaban-

195 751 301 822 ,‚tur,
330 763 414 807 nunc
442 763 539 826 quum
562 739 696 825 populus
721 738 779 804 sibi
802 739 916 824 optime
940 737 1091 816 consulit,
1117 738 1307 803 auxiliantur

198 852 350 932 „vobis”
396 851 466 916 Hoc
495 851 574 916 nihil
611 850 650 915 ad
682 857 871 936 praesentem
899 871 1022 914 causam
1044 851 1194 936 pertinet3
1219 849 1307 934 Poly·

202 970 326 1028 stratus
350 963 431 1028 enim
454 962 510 1026 sub
534 960 767 1046 quadringentis
791 966 915 1046 propter
939 959 1053 1024 crimen
1075 959 1226 1045 Oropium
1243 960 1307 1025 fue-

200 1083 256 1139 rat
280 1073 458 1150 arcessitum
482 1094 538 1136 nec
562 1093 634 1136 saue
659 1071 828 1156 exspectari
843 1077 979 1157 poterat,
997 1070 1054 1135 sub
1070 1071 1304 1156 quadringentis

201 1185 301 1250 aliam
320 1185 352 1248 in
369 1206 438 1248 eum
456 1184 607 1248 actionem
622 1183 765 1261 institui,
783 1182 837 1267 qui
855 1189 1027 1266 postremus
1044 1182 1181 1246 omnium
1199 1204 1305 1247 eorum

200 1296 338 1380 collegio
361 1303 440 1359 esset
464 1293 646 1378 adscriptus.
694 1292 803 1358 Prodit
827 1293 885 1358 hoc
908 1293 1062 1359 rhetorem
1078 1294 1154 1358 loeis
1171 1315 1306 1358 commu-

198 1407 297 1472 nibus
320 1413 375 1469 aut
396 1405 503 1470 alienis
528 1405 667 1469 flosculis
691 1405 860 1470 orationem
883 1411 1052 1470 ornantem.

253 1517 348 1601 qlss.
394 1517 434 1596 τῷ
462 1514 517 1591 μὲν
546 1515 607 1596 γὰρ
637 1513 695 1580 οὐδ’
725 1512 753 1578 εί
780 1539 824 1586 τις
856 1511 938 1596 εἶχε
968 1517 1190 1596 μαρτυρίαν,
1222 1511 1304 1595 εἶχε

201 1633 411 1707 μαρτυρεῖν
441 1626 489 1692 aa
518 1627 552 1691 τί
582 1625 641 1698 δέος
664 1626 698 1691 τὸ
720 1631 776 1690 τῶν
798 1628 975 1706 κατηγόρων.
1021 1627 1070 1690 lta
1092 1627 1190 1691 Pelet.
1237 1627 1305 1691 Hae

204 1737 335 1813 sordes,
359 1737 392 1800 in
418 1736 638 1801 recentioribus
661 1736 849 1801 editionibus
872 1737 1029 1800 nonnuliis
1053 1737 1222 1814 abstersae,
1247 1747 1305 1802 ter·

204 1871 280 1913 sum
302 1855 404 1912 tamen
428 1853 579 1910 oratorem
603 1868 665 1910 non
689 1847 810 1911 facient.

252 1961 271 2042 q
297 1961 347 2021 19.
392 1958 509 2028 τούτους
540 1957 594 2036 μὲν
629 1956 733 2039 aimei?
764 1957 863 2038 οίνδρί
896 1955 1096 2036 ἐξαιτουμένῳ.
1144 1955 1302 2040 Frigidum

204 2068 289 2134 illud
320 2067 398 2147 οὶνδρί
424 2089 480 2152 pro
509 2074 569 2138 τοῖς
593 2066 699 2138 οἰκείοις
724 2074 777 2130 uut
800 2067 898 2147 Φίλοις
922 2065 1131 2144 ἐξαιτουμένοις
1156 2067 1203 2130 vel
1226 2065 1302 2142 ἐξαι-

200 2177 358 2256 τουμένους
382 2177 495 2242 omisso
517 2176 606 2259 οίνδρί.

250 2292 320 2367 ἡμῖν
350 2288 375 2353 δ’
403 2292 503 2359 αὐτοῖς
532 2311 566 2352 τε
596 2287 747 2366 προθύμοις
770 2286 974 2365 γεγενημένοις
997 2286 1060 2366 περί
1084 2286 1117 2350 τὸ
1140 2286 1247 2359 πλῆθος
1269 2289 1303 2352 τὸ

201 2399 358 2480 ὑμέτερον,
389 2397 440 2462 καί
469 2403 536 2462 τοῦ
568 2394 677 2478 τατρίς
706 2396 783 2461 οὐδὲν
807 2398 885 2472 ὑμᾶς
910 2395 1080 2471 ἠδικηκότος.
1127 2396 1303 2462 Delendum

207 2517 288 2596 puto
319 2501 385 2574 τοῧε
416 2508 547 2587 ‚,n0bis,
579 2509 632 2592 qui
659 2509 718 2593 ipsi
742 2508 828 2573 vobis
852 2507 1051 2572 studebamus
1075 2517 1106 2572 et
1128 2514 1214 2594 patre
1238 2511 1303 2574 nati

204 2641 339 2700 „sumus
371 2641 540 2702 numquam
564 2617 649 2682 vobis
674 2616 862 2681 adversato.”
908 2617 947 2681 In
971 2618 1031 2682 fine
1054 2619 1197 2682 sectionis
1221 2623 1302 2697 ἡμᾶς

205 2731 315 2802 αὐτούς
338 2730 428 2794 nihili
452 2737 506 2794 est.

251 2843 345 2926 §tid
391 2838 548 2922 ίληζίμην,
578 2877 622 2888 -
652 2838 727 2904 ίίστε
756 2849 793 2921 τῇ
827 2840 879 2919 θεῷ
907 2862 941 2903 τε
964 2839 1020 2910 τοὶς
1043 2837 1170 2910 δεκάτας
1194 2838 1302 2920 ἐξαιρε-

202 2954 285 3025 θῆναι
310 2951 396 3014 πλέον
419 2950 436 3025 ἢ
459 2950 614 3028 τριάκοντα
637 2953 714 3025 μνοῖς
737 2948 787 3012 καί
806 2955 866 3018 τοῖς
882 2948 1074 3026 στρατιώταις
1090 2949 1129 3020 είς
1146 2949 1297 3029 σωτηρίαν.

200 3062 281 3126 Post
292 3060 512 3142 στρατιώΤΑΙο
525 3058 672 3124 excidisse
686 3058 807 3122 videtur
818 3068 876 3125 TA
888 3061 943 3132 lc'‚
957 3058 999 3121 rai
1010 3057 1070 3122 ίσα.
1090 3058 1136 3122 uf.
1148 3058 1300 3125 Dobreus.

247 3173 340 3255 quo.
387 3168 558 3233 Offendunt
591 3169 624 3231 in
655 3168 711 3231 hac
742 3168 877 3232 sectione
912 3165 999 3250 ίρκιον
1031 3168 1149 3249 ἔχοντος
1184 3169 1220 3252 (Ρ)
1251 3169 1300 3234 καί

202 3282 318 3356 ἑτοίμου
348 3279 424 3350 ὄντος
456 3279 568 3357 ίρκοῦν,
600 3299 690 3362 porro
721 3277 869 3354 συλλογήν
902 3279 1142 3362 precinamus,
1168 3279 1300 3364 denique

201 3391 361 3457 inficetum
385 3388 463 3453 illud
487 3391 536 3453 καί
560 3387 642 3465 λόγοι
666 3389 716 3453 οὐκ
738 3389 830 3464 ὀλίγοι
854 3385 946 3465 ἦσαν,
970 3390 1058 3473 quasi
1073 3389 1111 3453 de
1127 3390 1300 3454 vetularum

204 3501 319 3566 circulo
343 3499 477 3584 quodam
501 3505 619 3584 agatur.

250 3614 268 3696 q
291 3613 343 3675 27.
391 3610 548 3687 Σκέψασίε
570 3608 603 3683 δίη
626 3609 676 3672 καί
699 3613 750 3672 τοῦ
773 3608 882 3687 πατρὸς
906 3611 959 3684 την
982 3611 1153 3689 ἐπιστολήν,
1173 3608 1206 3687 ἣν
1224 3609 1301 3675 ἔδυ-

202 3747 267 3787 κεν
296 3720 484 3785 arctoum
519 3719 599 3796 ἐμοί,
629 3715 738 3799 τίτερα
759 3720 800 3799 τῷ
824 3719 950 3801 ὑμετέρῳ
973 3721 1074 3795 πλήθει
1097 3721 1201 3798 οίγαίίι
1225 3718 1257 3796 ἦν
1281 3723 1298 3797 ἢ

203 3833 247 3897 οὔ.
287 3831 336 3894 Sic
360 3828 477 3906 Palat.;
507 3829 566 3912 leg.
590 3831 662 3904 ἕνην.
706 3828 851 3893 Ceterum
873 3830 959 3893 locus
983 3830 1129 3894 verbosus
1153 3831 1244 3894 nimis
1268 3840 1299 3895 et

204 3947 419 4026 argumentum
450 3939 617 4004 admodum
654 3941 719 4004 leve
750 3947 811 4017 est,
847 3941 945 4015 συκίνη
974 3959 1045 4005 vero
1067 3941 1229 4021 ε’τικουρίαί
1254 3979 1299 3990 -

203 4051 333 4127 Ἀγαθός
357 4051 458 4114 estin
483 4049 633 4114 deteriore
656 4049 805 4114 Laureut.

248 4163 266 4245 q
289 4163 341 4224 28.
388 4160 617 4226 Documentum
639 4160 768 4225 daturus
792 4161 933 4240 Vidubia,
958 4183 1020 4247 qua
1039 4162 1131 4225 frater
1147 4169 1224 4225 natu
1245 4163 1299 4225 mi·

204 4273 307 4336 nimus
334 4272 544 4350 excelluisset,
568 4272 753 4352 καταδρομῆς
776 4273 949 4349 γενομένης,
973 4273 1092 4356 iuquit,
1117 4279 1173 4335 τῶν
1195 4271 1298 4354 φυγαί·

206 4385 260 4447 διον
284 4421 326 4431 -
349 4382 496 4460 ἕξελοίσας
521 4385 553 4448 ἐκ
575 4391 631 4448 τῶν
657 4381 756 4449 ἄλλων
780 4383 890 4448 ίττέων
912 4383 963 4448 ἕνα
985 4385 1162 4450 ἀπέκτεινεν.
1209 4382 1296 4461 Ηοο,
