3126 5210
688 443 748 505 185

171 650 358 713 commisisse
391 651 513 734 (1-4).
560 649 601 712 Et
640 653 829 712 accusatores
861 647 986 732 quidem
1017 653 1138 712 tantum
1177 646 1263 711 abest

169 762 205 820 ut
228 781 279 822 me
301 759 365 823 iure
389 759 509 842 possint
532 779 690 834 accusare,
716 764 752 821 ut
775 779 853 842 quae
875 757 1004 842 triginta
1027 757 1083 820 viri
1105 755 1260 820 commise-

169 865 252 943 rint,
285 867 447 931 criminum
476 867 579 952 inopia
609 867 642 930 in
665 888 714 930 me
738 872 920 950 congerant,
945 866 1033 949 quasi
1056 887 1128 930 vero
1151 886 1187 929 eo
1210 885 1259 928 me

169 997 340 1057 paucorum
361 978 490 1062 imperio
514 978 612 1042 lavere
636 976 842 1040 demonstrare
865 977 984 1061 possint
999 977 1099 1060 (-6).
1124 976 1167 1038 At
1183 995 1259 1058 quos

168 1085 295 1150 tandem
322 1092 446 1171 oportet
469 1086 652 1171 oligarcbiae
675 1088 808 1151 fautores
832 1085 955 1150 dicere?
991 1083 1113 1150 Natura
1136 1083 1261 1168 quidem

167 1216 261 1259 nemo
283 1220 349 1261 eam
372 1197 562 1262 voluntatem
586 1196 695 1274 habet;
721 1196 774 1260 sed
798 1196 881 1281 quod
905 1195 1019 1281 cuique
1042 1195 1206 1271 conducit,
1228 1192 1261 1258 id

167 1306 299 1390 quisque
331 1307 473 1392 seqnitur
502 1307 654 1392 regimem
683 1306 765 1370 uude
796 1306 904 1383 multi,
934 1313 1027 1391 prout
1050 1305 1169 1369 utilitas
1193 1325 1261 1368 sua-

168 1412 242 1479 dere
271 1415 451 1495 videbatur,
482 1424 584 1501 partes
607 1423 806 1482 mutaverunt
829 1418 950 1500 (-10).
987 1416 1037 1480 Ad
1060 1416 1139 1480 hanc
1163 1413 1260 1498 igitur

165 1545 306 1589 normam
337 1527 457 1612 exigere
485 1550 538 1591 vos
563 1534 700 1613 oportet,
726 1527 838 1612 quibus
862 1527 1001 1613 partibus
1025 1525 1141 1612 singuli
1164 1545 1260 1588 annu·

166 1634 305 1698 merendi
334 1636 396 1699 sint
427 1637 547 1720 (-le).
594 1635 661 1720 Ego
685 1635 827 1719 quidem,
852 1635 927 1700 dum
950 1635 1096 1722 populare
1120 1634 1256 1718 regimen

164 1741 282 1821 stabat,
313 1745 432 1809 nullam
459 1746 597 1830 patiebar
627 1746 846 1823 calamitatem
878 1745 1007 1830 gratiam
1038 1751 1144 1808 contra
1175 1741 1257 1827 apud

165 1871 220 1915 vos
242 1853 375 1932 inibam,
400 1855 487 1919 ouius
504 1856 607 1919 fructu
622 1877 676 1939 per
691 1855 888 1940 eligarcbiam
905 1856 1041 1940 privatus
1057 1876 1125 1918 sum
1132 1902 1142 1931 ,
1159 1872 1256 1935 quum

168 1963 384 2048 quadringenti
408 1969 438 2028 et
460 1964 586 2048 triginta
609 1964 666 2028 viri
688 1964 806 2029 nullam
828 1965 926 2029 nostri
950 1963 1093 2027 fiduciam
1109 1962 1257 2027 haberent

168 2070 296 2156 (-14);
321 2073 353 2137 iu
378 2073 544 2158 oligarchia
566 2073 689 2137 nullum
710 2073 857 2157 probrum
881 2073 1019 2136 commisi
1041 2079 1077 2136 ut
1096 2071 1188 2136 multi
1204 2068 1256 2133 alii

170 2179 290 2266 (-lt).
344 2181 454 2264 Itaque
490 2181 565 2245 dum
598 2182 732 2266 populus
768 2181 938 2266 imperabat
967 2181 1044 2246 bene
1075 2181 1132 2244 leci
1140 2205 1150 2258 3
1182 2179 1257 2243 dum

169 2291 276 2372 pauci,
300 2289 380 2354 nihil
403 2290 485 2353 mali.
532 2288 599 2355 Nec
621 2291 687 2354 iure
710 2289 787 2354 mihi
809 2290 958 2367 obfuerit,
984 2291 1067 2374 quod
1091 2313 1109 2354 a
1131 2289 1260 2373 triginta

168 2398 239 2462 viris
262 2399 342 2463 nihil
365 2422 472 2484 passus
496 2422 564 2463 aum
589 2401 664 2484 (18).
696 2399 837 2480 Quorum
861 2400 1065 2484 improbitatis
1088 2421 1152 2463 non
1173 2420 1260 2483 opor·

167 2514 213 2571 tet
242 2531 296 2572 vos
328 2531 346 2571 a
376 2532 424 2572 me
455 2531 569 2594 poenas
600 2517 735 2594 repetere
742 2535 752 2587 3
786 2509 839 2574 sed
863 2507 1123 2592 quemadmodum
1145 2506 1259 2571 iniuria

167 2617 251 2682 vobis
275 2618 456 2684 videbantur
478 2618 530 2683 isti
553 2621 724 2705 promiscua
747 2620 780 2683 in
800 2621 907 2683 noxios
923 2625 954 2683 et
969 2619 1105 2684 insontes
1122 2617 1256 2695 saevire,

170 2749 206 2790 ne
236 2749 319 2791 nunc
351 2729 476 2812 quidem
504 2730 654 2793 universis
685 2729 760 2794 vitio
793 2729 881 2808 date,
915 2752 993 2815 quae
1017 2751 1185 2813 paucorum
1209 2728 1261 2792 de-

168 2835 239 2900 licta
263 2845 336 2901 sunt
359 2841 480 2922 (-20).
526 2839 568 2903 Et
595 2861 665 2904 vero
689 2848 839 2924 quantum
864 2847 943 2904 esset
965 2840 1082 2903 malum
1106 2838 1258 2903 discordia

169 2945 201 3008 in
231 2946 369 3023 civitate,
401 2948 462 3032 ipsi
484 2947 557 3012 olim
580 2955 661 3012 recte
683 2948 891 3026 iudicavistiS,
915 2969 1012 3031 quum
1035 2948 1255 3032 intellegeretis

170 3055 393 3140 eligarchorum
425 3057 664 3134 dissensionem,
695 3080 756 3141 qua
778 3057 885 3121 civitas
909 3056 1138 3135 debilitaretur,
1163 3057 1256 3121 maxi-

169 3187 248 3228 mam
271 3163 357 3229 vobis
381 3167 498 3230 reditus
522 3189 607 3250 spem
630 3167 751 3245 afferre;
776 3189 859 3232 nunc
875 3167 971 3252 igitur
987 3166 1071 3230 vobis
1087 3166 1162 3250 ipsis
1179 3164 1258 3229 nihil

168 3277 307 3360 gravius,
332 3275 411 3338 nihil
434 3275 542 3339 utilius
566 3275 745 3340 adversariis
769 3275 958 3340 committere
982 3275 1129 3358 possetis,
1161 3296 1254 3357 quam

168 3395 204 3450 ut
230 3386 420 3470 suspiciones
443 3391 473 3448 et
497 3384 627 3449 discidia
649 3387 682 3450 in
705 3387 828 3451 civitate
853 3387 975 3450 aleretis
999 3386 1122 3469 (44).
1163 3383 1258 3448 Revo-

169 3503 234 3559 cate
264 3497 298 3558 in
329 3495 523 3571 memoriam,
557 3517 635 3579 quae
664 3495 786 3560 subdoli
813 3495 922 3581 populi
944 3495 1077 3558 fautores
1102 3493 1257 3558 commise-

168 3606 229 3668 rint
237 3631 247 3683 ;
263 3605 310 3669 bis
327 3605 488 3688 demagogi
500 3604 701 3669 democratiae
717 3627 828 3690 nomen
844 3606 984 3670 odiosum
997 3605 1149 3681 lecerunt3
1163 3625 1256 3687 quare

168 3715 279 3778 mirum
304 3736 356 3778 vos
380 3736 463 3777 nunc
486 3736 592 3778 rursus
617 3715 694 3779 velle
717 3716 829 3779 servire
852 3715 936 3793 istis,
962 3715 1016 3800 qui
1039 3736 1112 3778 suae
1133 3713 1258 3777 student

169 3823 360 3899 auctoritati,
393 3831 423 3885 et
454 3845 586 3907 quorum
616 3824 777 3908 perfidiam
807 3825 868 3889 iam
895 3825 1015 3910 saepius
1046 3824 1119 3888 estis
1142 3822 1260 3906 experti

168 3932 289 4015 (-30].
331 3930 395 3994 Vos
418 3953 502 3995 nunc
525 3933 641 4017 putatis
661 3933 877 3998 democratiam
895 3957 977 4010 esse,
995 3934 1048 4000 sed
1064 3933 1164 3997 facitis
1181 3953 1260 4014 quae

168 4039 234 4104 istie
267 4041 463 4119 conducunt,
496 4042 607 4124 quibus
639 4043 723 4114 nihil¹
746 4045 904 4129 antiquius
928 4052 991 4123 est,
1017 4067 1110 4128 quam
1131 4048 1168 4105 ut
1192 4063 1260 4118 eos,

168 4151 221 4234 qui
251 4148 362 4214 melius
396 4157 496 4214 vestro
527 4153 736 4237 prospicerent
760 4155 937 4233 commodo,
962 4152 1168 4218 delationibus
1192 4151 1257 4214 suis

170 4259 374 4338 absterreant,
410 4283 449 4326 ne
479 4261 539 4346 ipsi
570 4285 588 4325 a
617 4285 720 4327 rernm
750 4264 1016 4329 administratione
1046 4262 1257 4328 excludantur.

168 4368 232 4432 Vos
262 4369 441 4435 melioribus
473 4393 577 4435 aurem
605 4373 786 4456 praebentes
810 4377 876 4460 (28)
902 4375 1024 4440 foedera
1048 4374 1205 4438 observate
1230 4377 1261 4435 et
1382 4365 1399 4392 ⁸
