3128 5208
841 489 882 554 58

319 713 373 758 sua
404 695 449 758 vis
479 701 599 760 constet
632 695 779 761 vocabulo
810 695 878 776 ἅμα
901 697 1065 782 legendum
1087 721 1121 762 τε
1145 718 1199 781 pro
1222 719 1260 773 γε
1284 700 1315 758 et
1337 691 1410 772 ἅμα

319 805 357 870 ad
381 806 539 889 sequentia
561 801 752 872 referendum
774 831 859 886 „non
877 810 971 886 enim,
987 810 1060 873 dum
1077 808 1296 884 calumniatur,
1315 805 1411 869 simul

319 923 349 980 et
364 915 478 980 talibus
498 916 678 1002 (calumniae
697 918 792 1003 aptis,
813 919 851 983 cf.
872 918 965 1005 Soph.
986 921 1034 984 Αἰ.
1057 921 1121 982 218
1142 919 1408 999 311111111211)

319 1026 417 1090 verbis
449 1035 479 1091 et
508 1029 692 1093 testimoniis
715 1029 888 1116 indigebit''
913 1032 933 1095 i.
959 1055 983 1096 e.
1008 1039 1095 1095 tanto
1119 1030 1216 1115 magis
1240 1029 1411 1094 calumnias

319 1135 510 1216 cumulabit,
543 1141 785 1222 quantominus
810 1141 934 1206 testium
958 1141 1060 1206 habet.
1105 1142 1194 1219 ’Ἅμα
1217 1163 1252 1205 ex
1275 1140 1413 1204 Bekkeri
1437 1153 1440 1158 '
1468 1132 1470 1137 Κ

319 1249 493 1313 coniectura
516 1257 562 1312 est
585 1267 639 1334 pro
662 1247 755 1316 ἄλλα.
783 1253 966 1336 Europum,
991 1252 1074 1336 quod
1098 1251 1233 1316 Cobetus
1258 1252 1411 1338 praefert,

321 1361 418 1425 fateor
440 1381 488 1426 me
511 1379 573 1426 non
596 1361 783 1447 intellegere.

365 1474 449 1556 121.
474 1471 668 1538 Vocabulum
688 1476 828 1555 ’νινρκαῖαί
847 1475 900 1539 alii
920 1475 1160 1561 interpretantur
1177 1473 1311 1538 officinas
1329 1472 1410 1536 olea-

320 1583 393 1662 rias,
407 1600 476 1648 cum
494 1599 556 1668 quo
576 1604 637 1649 non
655 1585 798 1650 convenit
817 1586 964 1670 ἀφανίσαι
980 1587 1028 1650 καὶ
1047 1586 1202 1666 ἐκκόψαι
1220 1585 1269 1649 καὶ
1282 1583 1412 1663 resaru-

319 1697 443 1773 σασθαι;
472 1696 524 1760 alii
557 1696 649 1760 silvas
679 1697 833 1776 olearum,
864 1716 995 1782 quarum
1018 1697 1138 1782 lignum
1162 1702 1331 1772 cremetur3
1356 1689 1413 1780 sed

320 1807 485 1892 quotannis
508 1829 571 1870 non
595 1806 726 1892 amplius
750 1807 826 1872 duas
851 1807 962 1874 licebat
986 1808 1068 1872 oleas
1087 1807 1225 1872 excidere
1242 1805 1413 1871 secundum

321 1918 560 1984 Demosthenem
584 1922 637 1984 43.
665 1921 702 1986 71
714 1946 724 1998 ;
749 1919 787 1984 ad
810 1919 1011 2006 lignationem
1034 1919 1130 2005 igitur
1152 1941 1215 1982 non
1239 1917 1327 1982 facile
1342 1917 1413 2000 quis

320 2030 423 2116 plures
446 2030 579 2096 habebat
599 2031 690 2096 silvas
699 2055 707 2111 ;
729 2032 782 2096 alii
797 2032 1007 2110 ramusculoS,
1025 2032 1080 2116 qui
1095 2030 1251 2116 pullulant
1267 2050 1283 2094 c
1299 2033 1412 2095 trunco

322 2141 499 2206 combustae
523 2141 655 2221 arboris3
681 2143 734 2207 sed
756 2143 863 2208 multis
887 2143 962 2208 locis
987 2142 1068 2207 oleas
1091 2141 1130 2206 ab
1155 2140 1296 2206 hostibus
1319 2141 1414 2204 finsse

319 2275 374 2338 per
398 2251 581 2338 proterviam
605 2252 779 2317 combustas
802 2272 955 2337 nusquam
979 2252 1130 2330 traditur,
1154 2271 1211 2316 nec
1226 2275 1280 2337 per
1296 2273 1328 2316 se
1344 2268 1415 2336 pro-

319 2363 420 2428 babile
435 2363 485 2448 (de
505 2362 635 2448 singulis
651 2364 699 2427 his
715 2364 1018 2449 interpretationibus
1035 2364 1073 2428 cf.
1090 2361 1205 2440 Reisk„
1219 2362 1412 2427 Rauchenst.

319 2499 349 2560 p.
377 2477 458 2552 171,
488 2473 572 2537 Rost.
606 2482 635 2538 et
665 2474 762 2539 Palm.
794 2475 828 2538 in
859 2474 918 2540 lex.
935 2467 970 2540 'i.
1001 2478 1052 2560 1.).
1098 2473 1292 2538 Vocabulum
1329 2471 1415 2557 quod

318 2589 487 2650 inceadium
517 2584 685 2670 significet,
716 2585 790 2649 baec
814 2605 902 2671 posse
926 2585 1090 2664 denotare,
1115 2585 1208 2649 etiam
1231 2605 1285 2670 per
1309 2607 1340 2648 se
1363 2601 1416 2670 pa·-

321 2717 391 2762 rum
414 2696 572 2784 probabile
594 2705 649 2762 est.
689 2696 815 2762 Conieci
831 2699 936 2778 μορίας
953 2699 1064 2782 ἐλάας,
1082 2699 1131 2762 vel
1146 2698 1251 2778 μυρίας
1267 2697 1294 2760 δ’
1310 2695 1414 2766 ludar.

323 2817 525 2875 nrrnnma
561 2815 592 2872 et
619 2817 869 2874 coronantes
902 2810 984 2894 (nam
1015 2811 1058 2874 sie
1090 2810 1202 2874 omisso
1234 2799 1415 2892 comancio

323 2919 457 3005 syllabae
492 2939 528 2991 ας
565 2921 713 3006 scriptum
748 2920 875 2984 fortasse
910 2921 981 3006 luit)
1018 2920 1102 2986 vides
1117 2943 1120 2952 ¹
1137 2937 1200 2984 non
1230 2933 1442 3004 magnopere.

322 3033 403 3096 inter
425 3050 458 3095 so
480 3031 613 3096 differre.
1292 3114 1294 3117 .

367 3145 460 3228 pti.
506 3143 630 3224 Πότερον
661 3143 691 3208 δέ
722 3163 770 3220 μοι
799 3152 925 3225 κρεῖττον
957 3141 1005 3228 ἦν,
1037 3141 1194 3226 ὦκβουλη,
1220 3140 1414 3222 δημοκρατίας

324 3254 409 3328 οὔσης
440 3263 636 3336 παρανομεῖν,
667 3256 683 3331 ἢ
707 3256 755 3320 ἐπὶ
779 3255 1031 3337 caracciolorum
1056 3255 1105 3322 acl
1129 3259 1160 3322 οὐ
1184 3256 1263 3332 λέγω
1287 3257 1324 3326 ὡς
1347 3253 1415 3317 τότε

323 3366 494 3444 δυνάμενος,
516 3367 532 3442 ἢ
555 3368 592 3438 ὡς
616 3372 663 3432 νῦν
687 3365 939 3451 διαβεβλημένος,
960 3368 1031 3432 ἀλλ’
1050 3371 1086 3440 ὥς
1106 3370 1146 3449 τῷ
1165 3365 1331 3444 βουλομένῳ
1346 3364 1415 3428 τότε

325 3481 441 3556 μᾶλλον
460 3476 526 3556 ἐξῆν
545 3479 652 3546 ἀδικεῖν
670 3480 687 3556 ἢ
704 3481 771 3544 νυνι.
808 3479 868 3544 Pro
885 3479 950 3557 ἐξῆν
967 3479 1210 3544 emendationem
1226 3476 1360 3554 Debrei,
1377 3475 1415 3539 ab

327 3588 501 3653 Hamakero
532 3590 644 3654 collato
679 3593 729 3653 12.
763 3593 782 3652 2
815 3590 1074 3669 commendatam,
1114 3589 1233 3654 dudum
1264 3593 1415 3672 receptam

326 3700 473 3785 oportuit.
521 3699 609 3780 Quae
632 3702 784 3765 sententia
806 3702 906 3765 inesse
928 3701 1038 3766 debeat
1060 3702 1092 3766 in
1110 3700 1208 3765 verbis
1223 3700 1273 3764 καὶ
1289 3703 1321 3764 οὐ
1335 3696 1415 3776 λέγω

327 3818 358 3875 et
373 3833 439 3897 sqq.
458 3812 612 3897 perspexit
627 3811 769 3876 Reiskius
785 3819 921 3876 vertens:
939 3809 1046 3899 „quod
1063 3833 1120 3898 ego
1133 3812 1252 3878 dictum
1263 3811 1308 3875 ita
1319 3811 1429 3874 nolim

325 3921 446 4007 „accipi
453 3972 463 4001 ,
493 3941 528 3986 ac
558 3923 583 3986 si
614 3923 676 3987 illis
708 3922 938 3987 dominantibus
965 3923 1098 3987 multum
1123 3922 1318 4018 potuissem„
1333 3941 1415 3985 nuno

326 4035 480 4114 „iaceam
504 4035 621 4100 invidia
644 4042 737 4120 atque
760 4043 919 4100 contemtu
940 4035 1135 4121 perculsus'’;
1153 4033 1232 4098 illud
1248 4033 1416 4098 animante

327 4146 430 4210 omnia
445 4146 643 4233 deprecatur,
666 4166 705 4236 ne
722 4146 863 4212 videatur
878 4147 1007 4232 triginta
1023 4147 1156 4211 virorum
1173 4145 1288 4210 amicus
1306 4139 1413 4219 fuisse,

328 4275 409 4322 uunc
432 4273 503 4322 vero
526 4259 668 4344 populari
691 4259 819 4344 imperio
842 4259 988 4322 infensus.
1036 4257 1096 4321 Sed
1116 4255 1348 4334 διαβεβλημένος
1365 4254 1416 4318 ob·

328 4391 452 4432 scurum
480 4379 525 4434 est
552 4378 583 4436 et
604 4371 800 4456 ambiguum,
825 4370 886 4434 nisi
910 4367 1041 4434 addatur
1064 4368 1185 4432 dativus
1209 4370 1276 4445 ὑμῖν
1300 4367 1415 4445 11111τῷ

329 4481 425 4562 datum
450 4483 516 4547 sine
539 4503 601 4571 quo
625 4482 835 4548 additamento
857 4483 946 4549 facile
970 4483 1158 4568 acciperetur
1178 4483 1415 4565 promaterterae
