3126 5210
716 427 777 490 165

192 649 257 694 uon
282 627 459 692 attributive
483 626 634 710 superiori
656 626 766 701 ταύτης
790 627 928 711 iungitur
950 629 1047 711 (secus
1063 627 1226 712 Bromios).
1248 666 1292 678 -

190 741 250 822 §2
275 739 307 802 ού
328 739 382 816 μὲν
404 737 482 819 γαρ,
506 762 533 802 ιι.
557 762 586 803 τ.
611 737 632 800 ἑ.
657 745 687 800 ct
710 739 727 822 t
750 740 768 800 8
795 739 921 822 [καλῶς]
945 745 1026 802 recte
1042 737 1218 804 emendavit
1236 737 1292 804 Go-

191 847 304 924 betus;
335 869 406 912 nam
436 845 520 932 quod
543 845 781 912 Reocheustein.
806 853 876 932 post
899 846 1050 912 Cobetum
1073 848 1160 914 dedit
1183 851 1214 914 ού
1237 852 1291 924 μὲν

191 959 256 1038 γὰρ
281 957 366 1022 ἕνεκα
395 957 557 1037 χρημάτων
586 981 626 1033 αε
648 963 845 1035 συκοφαντεῖ·
869 958 893 1022 εἰ
917 957 979 1030 δ’ύς
1002 959 1102 1040 ύχύρὸν
1124 960 1228 1026 ἑαυτοῦ
1251 985 1290 1036 με

191 1075 381 1147 τιμωρεῖται,
406 1068 547 1147 ψεύδεται
571 1066 661 1130 nihili
685 1073 732 1132 est
753 1068 814 1132 uisi
837 1075 1005 1148 τιμωρεῖται
1029 1091 1084 1154 pro
1107 1071 1292 1150 τιμωρεῖσθαί

191 1178 234 1255 μέ
265 1185 354 1258 φασιν
384 1177 503 1242 dictum
527 1177 697 1254 existimes,
723 1176 805 1260 quod
829 1199 891 1242 non
915 1177 1090 1262 probabile3
1114 1201 1171 1264 pro
1193 1185 1290 1252 καλῶς

192 1310 266 1352 cum
296 1286 446 1352 Muellero
479 1285 592 1354 Philol.
623 1284 698 1350 XII.
727 1287 789 1350 105
814 1285 1065 1352 substituendum
1089 1310 1153 1352 esse
1176 1289 1289 1362 εἶαύτοις

192 1404 249 1460 aut
280 1395 395 1466 δικαίοις
424 1397 526 1460 miuus
558 1396 620 1460 veri
652 1395 750 1460 simile
782 1402 828 1460 est
859 1417 953 1481 quem
978 1397 1107 1463 sciolum
1129 1404 1227 1470 καλῶς
1250 1398 1288 1464 de

192 1527 252 1570 suo
276 1504 414 1582 dedisse,
438 1504 569 1589 ideoque
594 1505 651 1570 hoc
676 1506 859 1571 eliciendum
885 1529 958 1572 esse.

190 1659 198 1676 .
237 1617 308 1700 §lt
355 1615 406 1690 ἤδη
430 1615 520 1679 τοίνυν
545 1615 687 1680 similiter
710 1616 884 1701 iunguntur
906 1616 986 1680 Plet.
1009 1616 1091 1680 Oret.
1111 1619 1187 1680 434.
1203 1618 1240 1682 Β.
1259 1627 1289 1682 et

192 1725 273 1790 Xeu.
299 1724 394 1788 Oonv.
422 1727 451 1788 5.
478 1728 507 1789 5.
555 1724 675 1790 Neutro
699 1725 767 1790 loco
791 1727 841 1802 ἤδη
865 1726 1010 1812 temporis
1034 1727 1288 1810 significationem

193 1835 327 1912 omittit3
351 1835 442 1900 relevo
466 1835 677 1900 conclusivum
701 1842 766 1912 est3
790 1835 859 1910 ἤδηε
883 1858 990 1913 „nune
1014 1835 1182 1900 secuudum
1205 1843 1289 1900 tuam

191 1944 485 2024 „affirmationem”
518 1953 589 2023 eut,
620 1953 656 2008 ut
686 1946 744 2009 hoc
776 1945 861 2024 loco,
886 1954 979 2030 „post
1003 1967 1039 2009 ee
1062 1967 1141 2030 ques
1166 1945 1288 2010 demon-

191 2063 313 2132 „strate
336 2055 440 2118 sunt.”
974 2135 979 2148 ἱ

239 2165 308 2249 §cle
356 2165 423 2245 Περὶ
446 2167 500 2242 μὲν
522 2161 567 2230 otu
590 2167 722 2231 τούτοιν
745 2165 879 2231 τοσαῦτα
898 2188 945 2242 μοι
967 2166 1092 2245 εἰρήσθω.
1128 2165 1211 2228 Fert.
1228 2189 1290 2230 τον-

192 2275 265 2339 root
301 2273 459 2354 Dobreus,
485 2275 567 2358 quod
592 2283 699 2360 posteo
722 2274 940 2354 animadverti,
963 2276 1075 2342 τούτου.

239 2386 308 2470 td.
355 2383 398 2449 ύτι
430 2383 555 2461 δύναμαι
586 2393 710 2450 συνεῖναι
742 2387 903 2463 δυναμένοις
935 2386 1086 2466 ύνύρύτοις
1110 2383 1287 2449 οὶναλύοκειν.

193 2495 380 2580 Suspectum
410 2497 486 2560 milri
516 2505 562 2561 est
592 2498 762 2578 ύνύρύτοις,
793 2495 876 2580 quod
907 2503 937 2560 et
966 2517 1020 2579 per
1050 2517 1082 2560 se
1106 2494 1289 2578 languidum

193 2613 225 2668 et
249 2604 387 2670 ordinem
411 2605 572 2670 verborum
596 2608 712 2671 turbat.

240 2717 257 2798 d
281 2717 310 2778 6.
356 2714 404 2780 τὸν
427 2715 634 2794 διαδεξόμενον.
673 2716 800 2780 Servum
823 2716 975 2801 significat
997 2717 1052 2799 qui
1067 2717 1109 2780 sic
1126 2715 1288 2779 artificium

193 2823 341 2908 suscipiet
364 2834 399 2888 ut
422 2824 543 2888 luorum
568 2824 606 2887 od
631 2825 791 2890 dominum
815 2824 927 2889 redeat.
975 2824 1101 2889 Recedit
1124 2825 1220 2908 igitur
1236 2825 1289 2888 ali-

194 2941 346 3016 quetenus
370 2935 531 3019 evulgari
555 2958 632 3015 usu,
658 2959 695 3000 ex
718 2958 779 3020 quo
803 2957 1007 3001 successorem
1030 2935 1212 3019 designaret.

239 3047 256 3128 d
280 3048 308 3111 l.
355 3047 421 3117 τοὺς
445 3047 493 3109 καὶ
517 3052 577 3117 τοῖς
600 3047 710 3126 ἐχθροῖς
731 3046 852 3118 ἐλεινοὺς
871 3044 958 3118 ὄντας
976 3045 1083 3124 ἀγρίως
1099 3043 1287 3120 decederes.

195 3153 281 3218 Alibi
311 3155 524 3237 ύτοδέχεούαι,
557 3156 582 3222 si
606 3155 740 3220 hominis
763 3177 874 3245 nomen
898 3163 1044 3239 tanquam
1068 3153 1221 3218 obiectum
1247 3177 1290 3217 se-

194 3266 318 3348 quitur,
350 3266 383 3329 in
414 3265 524 3331 bonam
553 3274 671 3350 portem
702 3255 832 3342 dicitur,
866 3272 902 3329 ut
933 3264 974 3328 sit
1002 3287 1068 3330 eum
1092 3268 1289 3328 benevolentia

194 3381 352 3461 excipere,
378 3380 511 3461 probare
545 3380 680 3460 aliquem.
722 3375 768 3439 (tf.
795 3376 821 3439 si
845 3377 924 3440 tenti
946 3374 1067 3460 Taylor.
1093 3374 1133 3437 ad
1157 3376 1208 3436 25.
1237 3376 1287 3435 ll.

193 3485 335 3550 Fortasse
358 3484 522 3570 legendum
546 3492 592 3550 est
614 3485 812 3570 ύτοδιιύξητε,
836 3489 1006 3570 repellatis,
1027 3507 1088 3568 qua
1104 3484 1134 3546 vi
1150 3483 1288 3558 οὶτοτέιι-

195 3597 317 3679 πεούαι,
348 3596 525 3661 οὶτελαύνειν
556 3595 648 3680 vulgo
680 3603 855 3680 usurpetur.
904 3595 1037 3660 Rarioris
1061 3616 1136 3659 usus
1161 3593 1289 3657 vocabu-

194 3707 260 3769 lum
283 3705 371 3770 focile
395 3704 495 3768 fraudi
518 3704 648 3769 librariis
673 3727 737 3768 esse
761 3706 872 3789 potnit.
920 3702 1105 3780 Καταδιῶξαι
1136 3725 1171 3766 ex
1196 3701 1289 3786 Lysis

196 3815 320 3880 effertur
343 3817 376 3879 iu
398 3814 532 3880 Bekkeri
556 3815 694 3882 Anecdd.
720 3839 749 3900 p.
773 3805 846 3880 103.
872 3817 922 3878 11.

240 3927 257 4008 d
280 3927 309 3988 8.
355 3925 396 3989 τοὶ
421 3926 531 3998 τούτοις
554 3911 789 4006 ἐχόμεναααιού
812 3925 945 3989 retinent
968 3923 1089 3988 Scheib.
1115 3932 1145 3988 et
1168 3923 1285 3986 Rouch.

197 4033 255 4098 Sed
286 4057 392 4099 verum
424 4043 469 4098 est
499 4035 646 4116 ἑπόμενα,
680 4037 740 4100 iem
769 4034 934 4099 eReislrio
957 4035 1158 4120 propositum.
1205 4031 1287 4096 Nam

196 4144 255 4208 loci
286 4144 423 4208 Platonis
456 4145 549 4229 Gorg.
583 4149 659 4208 494.
691 4145 728 4210 Ε.
760 4146 810 4210 ε’ύν
837 4144 881 4216 τίς
904 4169 938 4208 οε
960 4144 1001 4208 τύι
1024 4143 1156 4224 ἐχόμενα
1178 4143 1287 4213 τούτοις

197 4253 303 4333 ἑφεξῆς
326 4253 449 4322 ἅπαντα
473 4259 564 4342 ἐρατᾷ
588 4264 619 4320 et
641 4257 732 4321 Polit.
760 4259 834 4321 271.
859 4255 902 4320 B:
927 4255 1066 4336 ἐχόμενον
1088 4253 1148 4334 νύρ
1169 4257 1230 4318 ἐστι
1246 4255 1286 4332 τῷ

197 4365 261 4435 τοὺς
292 4367 464 4444 πρεσβύτας
492 4366 539 4432 ἐντὶ
568 4369 620 4442 τὴν
647 4373 697 4431 τοῦ
722 4367 822 4440 παιδὸς
846 4366 916 4430 ἰέναι
940 4364 1045 4446 φύσιν,
1072 4368 1180 4434 ἐκτῶν
1204 4387 1285 4428 τετε-
