3074 5210
824 457 887 518 118

312 655 459 738 leguntur
489 657 521 718 iu
552 657 617 720 eius
648 655 886 720 Adversalol.
910 655 936 718 l.
962 679 990 740 p.
1020 661 1100 720 lan:
1130 641 1299 746 „Egregiai
1326 665 1400 728 vivi-

313 766 382 844 „dir
406 773 434 829 et
459 790 536 850 pene
560 767 682 832 comicis
705 766 860 831 coloribus
884 768 1055 852 exprimens
1080 775 1286 849 σσοοοτνιοσνκίνν
1309 775 1400 840 aidal-

312 878 411 955 „daxv
446 879 495 942 acl
527 879 699 960 οὶλοοζένενοον
731 901 765 942 ea
797 879 890 942 simul
914 889 994 959 arte,
1020 890 1055 944 ut
1080 882 1137 946 hoc
1160 883 1227 967 ipso
1251 884 1401 968 placeat.”

312 987 405 1052 Nunc
430 1011 492 1054 non
517 989 606 1075 plane
630 1011 754 1074 possum
780 989 930 1054 assentiri.
977 993 1146 1066 decennale
1174 1016 1227 1077 per
1251 1017 1282 1058 se
1306 1018 1402 1079 quan-

310 1101 379 1166 dam
401 1101 511 1164 lrabeat
532 1101 789 1187 praedicationem
806 1101 985 1166 meritorum
1001 1125 1123 1167 necesse
1139 1113 1199 1181 est;
1217 1113 1308 1200 atque
1324 1107 1399 1170 hacc

311 1235 399 1296 saepe
429 1213 466 1278 ab
498 1213 702 1278 ostentatione
731 1235 840 1298 parum
871 1213 966 1277 abest.
1014 1213 1073 1278 Sed
1102 1237 1137 1278 ex
1161 1215 1260 1280 verbis
1284 1217 1400 1282 Dobrei

311 1323 440 1388 alterum
478 1325 630 1408 quendam
665 1322 920 1408 Pyrgopolinicen
952 1332 1117 1411 exspectes.
1162 1327 1278 1392 Verum
1308 1327 1399 1412 longe

311 1435 422 1500 accidit
454 1457 549 1499 secus.
596 1434 635 1498 In
667 1434 766 1519 priore
798 1444 884 1520 parte
915 1437 1062 1500 orationis
1092 1439 1109 1522 q
1135 1438 1218 1502 1-9
1247 1439 1399 1524 placidam

310 1547 492 1610 offendimus
515 1546 788 1610 ratiocinationem.
832 1544 904 1610 Non
931 1547 1083 1632 equitavi,
1112 1549 1231 1635 inquit,
1254 1550 1311 1614 sub
1335 1571 1399 1614 xxx

310 1659 399 1737 viris;
427 1657 511 1742 quod
529 1658 555 1720 si
574 1656 622 1720 vel
642 1657 772 1722 maxime
793 1657 948 1735 fecissem,
970 1679 1031 1722 non
1052 1659 1148 1744 magis
1169 1683 1268 1746 poene
1288 1661 1400 1745 dignus

310 1793 423 1848 essem,
456 1791 548 1855 quam
578 1768 687 1846 multi,
720 1767 774 1851 qui
805 1790 888 1832 nunc
920 1777 1074 1832 senatores
1106 1780 1179 1834 sunt
1208 1779 1262 1834 aut
1286 1771 1398 1850 duces;

310 1883 405 1966 igitur
424 1882 512 1944 ¹hanc
536 1879 826 1944 demonstrationem
849 1879 1012 1965 praemitto
1036 1889 1158 1945 tantum
1181 1897 1217 1949 ut
1241 1905 1398 1948 occurram

275 2052 278 2059 .
310 1991 475 2057 mendaciis
504 1992 755 2056 adversariorum.
799 1991 878 2056 Tum
907 2013 942 2056 ex
970 2000 1081 2058 natura
1103 1995 1275 2070 δοκομνσέοος
1298 1997 1396 2060 iustas

311 2102 396 2166 ducit
417 2125 539 2180 causas,
561 2125 654 2186 quare
673 2101 748 2180 sibi,
771 2102 891 2166 etiamsi
910 2101 988 2166 forte
1008 2103 1104 2181 nolit,
1126 2116 1228 2170 tamen
1246 2130 1301 2172 sua
1319 2108 1396 2172 bene

310 2215 390 2277 lacta
413 2213 474 2277 sint
498 2212 694 2297 exponenda,
724 2220 816 2297 atque
839 2213 931 2277 etiam
954 2214 1085 2298 culpam*
1102 2215 1257 2300 quandam
1281 2219 1396 2282 confes·

310 2347 361 2388 sus
385 2325 412 2409 (q
435 2326 475 2386 20
500 2324 558 2388 sub
581 2325 617 2395 tl
641 2323 803 2401 invidiam,
828 2324 854 2386 si
878 2325 1016 2407 quasit,
1041 2325 1136 2390 lenire
1159 2327 1271 2391 studet.
1309 2327 1397 2409 Quae

309 2435 400 2499 refert
423 2434 460 2500 de
484 2457 532 2512 se,
557 2435 747 2512 factasunt,
772 2455 834 2497 non
857 2435 959 2498 inania
984 2436 1083 2500 verba.
1113 2435 1229 2502 Lenem
1242 2441 1397 2523 quandam

309 2546 480 2610 irrisionem
504 2565 633 2628 agnosco
657 2545 689 2607 in
712 2542 811 2628 verbis
834 2544 1021 2624 φοβουμένων
1045 2547 1185 2612 οὶσοένσοον
1208 2550 1348 2633 (εἰκότως,
1371 2548 1392 2616 ὦ

309 2658 417 2735 βουλή·
438 2657 522 2721 δεινὸν
538 2656 597 2744 peip
616 2649 649 2728 ἦν
668 2656 871 2731 decrerim
890 2655 980 2736 έλένῳ
992 2657 1122 2736 πρότερον
1134 2659 1331 2736 σεσωσμένους
1344 2664 1394 2742 ἐφ’

309 2769 400 2850 ἕτερον
431 2767 550 2834 κίνδυνον
582 2765 662 2849 Ξένον)
692 2767 708 2850 ξ
742 2768 799 2843 16,
832 2765 1054 2832 cavillationem
1083 2778 1202 2848 tamen,
1236 2794 1313 2855 quae
1338 2775 1396 2838 sibi

309 2881 476 2968 prudenter
503 2888 651 2963 temperet
680 2877 782 2962 potius
806 2899 897 2961 quam
922 2886 1034 2942 temere
1057 2879 1219 2946 invehatur
1241 2883 1273 2946 in
1297 2884 1397 2950 aliena

310 2993 392 3058 vitia.
439 2992 597 3056 Praeterea
619 2991 774 3067 „comicos
797 2988 933 3054 colores’'
956 3013 1019 3054 non
1043 2991 1139 3055 video.
1296 2999 1298 3004 '

607 3228 686 3272 XVII.
703 3235 870 3274 tAHMOSlssN
892 3234 1093 3275 ΑΔΙΚΗΜΑΤΩΝ.

351 3433 465 3498 Melius
497 3433 570 3496 haec
602 3432 698 3495 oratio
722 3431 940 3497 inscriberetur
964 3431 1001 3495 de
1025 3431 1113 3508 bonis
1136 3433 1299 3514 Eratonis3
1324 3460 1394 3508 nam

305 3571 383 3632 quae
409 3569 491 3615 nunc
515 3544 674 3628 inscriptio
699 3543 846 3607 estnihil
871 3565 1032 3610 commune
1058 3545 1149 3610 habet
1172 3570 1243 3612 cum
1266 3550 1395 3614 materia

305 3666 446 3723 tractata.
482 3659 529 3722 Dc
549 3681 608 3741 qua
629 3680 707 3742 quae
725 3657 859 3720 Meierus
879 3656 939 3720 iam
957 3657 1161 3744 quadraginta
1178 3661 1288 3724 abhinc
1306 3662 1392 3730 anuis

304 3770 468 3854 diligenter
499 3769 640 3854 exposuit
661 3768 709 3853 (de
734 3768 821 3835 bonis
845 3768 1060 3832 damnatorum
1083 3780 1114 3834 et
1137 3772 1286 3839 fiscalium
1310 3773 1391 3839 debi-

304 3890 426 3960 torum,
457 3881 558 3944 Berol.
596 3883 696 3961 1819,
729 3903 758 3964 p.
794 3883 854 3943 190
888 3884 965 3965 sqq.)
994 3881 1061 3945 fuse
1083 3881 1133 3946 hic
1157 3893 1291 3968 repetere
1314 3885 1392 3950 nihil

304 3995 415 4060 attinet
421 4020 430 4072 ;
448 3993 551 4077 itaque
568 3993 668 4077 capita
683 4013 785 4055 rerum
803 3991 962 4074 attingam.
987 3992 1026 4055 Iu
1047 3993 1151 4076 paucis
1170 3993 1207 4058 ab
1221 4017 1256 4060 eo
1268 3990 1389 4073 recedo,

304 4128 384 4190 quae
407 4127 470 4168 uon
493 4104 604 4168 diserte
627 4125 776 4183 memoro,
801 4126 839 4167 ne
863 4104 1012 4188 expositio
1036 4127 1102 4168 mea
1125 4105 1255 4170 obseura
1274 4107 1389 4172 evadat.

350 4217 605 4293 Proscribuntnr,
629 4218 780 4280 incertum
804 4238 866 4300 qua
889 4215 926 4279 de
950 4238 1058 4295 causa,
1080 4218 1160 4282 hona
1180 4219 1322 4284 Eratonis
1342 4243 1390 4286 cu·

225 4374 229 4387 .
302 4329 438 4408 iusdam,
460 4329 521 4392 iam
541 4327 659 4411 aliquot
679 4327 767 4391 aunis
789 4334 860 4390 ante
881 4327 1028 4392 defuncti.
1059 4328 1119 4393 Sed
1139 4331 1253 4396 caiam
1273 4331 1387 4397 dudum

304 4442 363 4507 sibi
392 4442 566 4506 adiudicata
591 4464 676 4521 esse,
702 4439 860 4506 contendit
883 4446 976 4506 actor.
1022 4440 1113 4508 Pater
1136 4442 1215 4508 enim
1241 4443 1306 4510 eius
1329 4445 1385 4512 iam
