3128 5208
778 470 905 552 ‘ao

339 692 486 759 Ps-Plut.
510 693 563 757 vit.
588 692 652 756 dec.
677 713 720 755 or.
745 714 774 776 p.
801 693 874 754 836.
893 691 930 768 A,
948 688 1074 775 Dionys.
1091 689 1112 753 l.
1126 688 1147 753 l.
1160 711 1186 753 o.
1203 691 1254 754 12.
1285 688 1424 754 Dimidia

338 807 432 892 igitur
454 828 523 891 pars
547 805 652 890 spuria
674 803 711 895 ab
735 804 773 867 iis
798 802 1036 867 existimabatur.
1083 800 1121 865 In
1156 823 1217 885 quo
1243 801 1358 866 iudicio
1382 802 1422 865 f·
1542 775 1543 826 l

336 917 430 982 nendo
454 940 528 982 num
550 915 719 1002 Dionysius
742 917 773 980 in
797 937 887 979 usum
919 914 1094 979 adhibuerit
1117 913 1337 980 Callimachum
1361 916 1423 1000 (cu

336 1031 383 1094 ius
407 1029 556 1094 iudicium
579 1028 616 1093 de
639 1029 768 1115 Lysiaca
790 1028 920 1113 quadam
943 1029 1079 1092 oratione
1103 1051 1140 1091 ex
1164 1025 1286 1105 πίναξιν,
1302 1027 1421 1112 opinor,

335 1140 528 1226 depromtum
544 1140 630 1204 offert
646 1140 683 1204 de
701 1139 787 1204 Isaeo
811 1161 836 1204 c.
864 1143 895 1226 6)
928 1147 982 1204 aut
1005 1140 1080 1203 alios
1105 1138 1327 1204 Alexandrinos
1351 1138 1423 1202 Per·
1542 1133 1543 1200 l

335 1273 529 1337 gamenosve,
554 1274 617 1316 non
641 1258 741 1337 potest
771 1251 901 1315 definiri.
947 1250 1064 1314 Partim
1091 1250 1219 1336 quidem
1242 1272 1298 1314 suo
1321 1248 1423 1314 Marte

336 1364 399 1448 egit
429 1364 477 1448 (cf.
510 1364 548 1428 de
570 1364 641 1450 Lys.
669 1366 731 1449 12).
756 1362 816 1427 Sed
839 1370 876 1427 ut
899 1370 1006 1428 notum
1029 1370 1094 1442 est,
1118 1363 1225 1449 Lysiae
1249 1362 1421 1447 simplicem
1542 1427 1543 1450 ,

335 1467 517 1560 elegantiam
546 1475 660 1540 multos
692 1474 731 1539 ad
759 1475 961 1539 imitationem
992 1475 1137 1539 excitasse
1168 1475 1217 1558 (cf.
1243 1473 1306 1539 oio.
1331 1473 1420 1536 Brut.
1542 1471 1543 1518 ἒ

336 1568 477 1672 passim),
509 1588 552 1652 sio
584 1587 656 1651 satis
680 1587 838 1674 probabile
862 1594 925 1665 est,
949 1587 1063 1651 multos
1085 1587 1223 1651 falsarios
1248 1585 1420 1660 exstitisse,

335 1699 389 1783 qui
418 1697 528 1784 Lysiae
559 1699 732 1783 suppositas
763 1699 914 1763 orationes
945 1698 1139 1783 Pergamenis
1167 1697 1290 1782 regibus
1308 1695 1421 1788 aliisve

334 1809 500 1875 venderent
525 1810 573 1894 (cf.
598 1809 636 1874 de
658 1809 731 1887 Diu.
759 1813 796 1888 l,
819 1810 1033 1876 Westcrmann
1057 1811 1077 1874 l.
1101 1811 1122 1875 l.
1148 1833 1176 1895 p.
1197 1811 1277 1888 173,
1302 1831 1332 1872 n.
1350 1809 1420 1891 20),

334 1919 427 2006 vulgo
458 1926 559 1984 autem
587 1920 726 1986 homines
749 1920 824 2006 quid
849 1921 999 1986 distarent
1026 1944 1095 1986 aera
1117 1921 1248 2006 lupinis,
1272 1942 1333 1984 non
1358 1918 1422 1982 ani·

334 2031 540 2097 madvertisse.
566 2032 760 2098 Andocideae
782 2033 835 2119 (6),
860 2056 959 2099 nonae
983 2034 1065 2116 (ὑπὲρ
1087 2040 1138 2099 τοῦ
1157 2033 1352 2116 στρατιώτου),
1371 2030 1422 2094 de-

333 2143 428 2208 cimae
462 2144 711 2228 (Theomnesteae
742 2143 781 2230 Ι),
810 2153 936 2230 quartae
964 2145 1097 2235 decimae
1123 2146 1167 2230 (in
1191 2143 1291 2209 Alcib.
1315 2143 1353 2228 l),
1380 2143 1422 2206 vi·

335 2255 464 2318 cesimae
487 2257 554 2341 (pro
577 2254 771 2341 Polystrato),
797 2257 968 2334 tricesimae
988 2255 1243 2342 (Nicomaoheae),
1261 2278 1312 2320 sex
1323 2255 1421 2340 igitur
1542 2317 1543 2326 ,

333 2365 523 2431 orationibus
554 2391 590 2432 ex
626 2369 843 2455 superstitibus
876 2372 986 2455 (neque
1016 2369 1131 2434 laudat·
1153 2371 1270 2454 omnes)
1301 2366 1420 2453 Harpo
1542 2355 1543 2380 ³

333 2479 428 2544 oratio
459 2501 513 2564 per
544 2479 691 2545 vocabula
721 2482 745 2546 εἰ
760 2481 874 2558 γνήσιος
892 2481 1014 2546 obelum
1030 2503 1120 2545 snum
1135 2480 1284 2566 appinxit.
1308 2475 1419 2563 Neque
1542 2525 1543 2534 ,

332 2591 407 2655 haee
438 2589 507 2654 ideo
535 2613 623 2657 ame
650 2592 861 2678 proferuntur,
891 2593 1033 2678 quoniam
1058 2591 1308 2677 Harpocrationis
1339 2588 1420 2652 iudi·
1542 2607 1543 2620 ¹

331 2703 414 2768 cium
443 2702 548 2788 magni
574 2702 700 2781 faciam,
732 2710 854 2768 tantum
884 2711 920 2768 ut
951 2711 1085 2783 constet,
1114 2727 1131 2768 a
1155 2703 1306 2768 veteribus
1330 2700 1419 2765 dubi-

330 2822 429 2878 tatum
444 2813 537 2898 vulgo
554 2813 657 2878 fnisse.
674 2813 722 2878 Ex
738 2814 945 2894 orationibus,
962 2837 1091 2900 quarum
1102 2838 1164 2880 non
1175 2806 1236 2880 nisi
1249 2815 1419 2900 fragmenta

330 2934 510 3011 supersunt,
533 2925 666 3012 amplius
682 2926 810 3011 triginta
825 2926 937 2990 dubiae
954 2927 1142 2991 auctoritatis
1163 2928 1243 2991 visae
1263 2931 1344 2989 sunt.
1369 2923 1417 2988 Of.

328 3035 482 3123 Sauppius
515 3039 548 3102 in
579 3037 648 3102 coll.
680 3037 785 3124 fragm.
810 3039 869 3103 vol.
894 3038 938 3104 II.
964 3038 1010 3104 cd.
1035 3037 1136 3104 Turio.

370 3149 480 3234 Itaque
503 3149 530 3214 si
553 3149 592 3213 ad
615 3149 840 3235 probabilitatis
863 3150 996 3214 calculos
1012 3171 1060 3215 res
1076 3148 1243 3215 revocanda
1258 3155 1321 3226 est,
1339 3167 1413 3231 quo·

327 3260 409 3325 niam
440 3283 476 3326 ex
509 3261 716 3341 orationibus,
742 3285 820 3348 quae
843 3261 953 3346 Lysiae
977 3261 1167 3340 ferebantur,
1192 3260 1320 3325 dimidia
1343 3280 1413 3343 pars

328 3374 431 3458 spuria
461 3373 668 3454 indicabatur,
697 3374 826 3440 dimidia
848 3396 969 3460 qnoque
994 3397 1062 3460 pars
1086 3397 1123 3438 ex
1145 3373 1208 3451 his,
1234 3395 1310 3458 quae
1334 3378 1413 3436 aeta·

326 3491 388 3549 tem
411 3485 565 3564 tulerunt,
590 3493 732 3572 suspecta
755 3508 819 3550 esse
842 3483 941 3549 debet.
987 3483 1083 3550 Nulla
1106 3485 1201 3570 igitur
1223 3484 1332 3570 religio
1354 3505 1411 3548 nos

325 3597 455 3661 retinere
478 3595 585 3675 debet,
611 3597 792 3683 quominus,
818 3597 845 3660 si
868 3619 946 3682 quae
969 3596 1001 3660 in
1025 3605 1128 3660 nostra
1152 3596 1330 3661 collectione
1348 3595 1411 3660 sint

325 3708 451 3793 reliquis
475 3707 686 3792 postponenda
709 3714 740 3772 et
763 3714 897 3785 oratore,
922 3707 1044 3792 qualem
1066 3731 1102 3772 cx
1125 3708 1307 3773 testimoniis
1331 3713 1410 3770 vete-

325 3843 395 3885 rum
418 3828 449 3885 et
472 3842 508 3885 ex
530 3818 708 3884 melioribus
727 3819 920 3899 ¹⁴orationibus
944 3819 1155 3906 cognovimus,
1180 3819 1306 3904 indigna
1331 3816 1410 3882 vide-

324 3938 432 4010 antur,
465 3955 483 3996 a
512 3930 605 4018 Lysia
633 3931 849 3997 abiudicemus.
897 3931 962 3997 Iam
994 3955 1063 3998 vero
1094 3933 1120 3996 si
1151 3931 1278 4010 accidit,
1310 3937 1345 3994 ut
1376 3930 1409 3992 in

324 4043 429 4107 multis
445 4045 662 4129 proprietatem
678 4044 885 4122 inveniamus,
903 4067 980 4129 qnae
996 4068 1014 4109 a
1029 4045 1195 4122 tenuitate,
1212 4045 1299 4109 cuius
1312 4063 1409 4107 exem-

324 4153 391 4239 plar
405 4177 524 4240 semper
539 4155 663 4220 habitus
680 4165 725 4220 est
742 4155 861 4242 Lysias,
878 4166 944 4220 toto
961 4157 1044 4221 coelo
1061 4157 1164 4235 distet,
1182 4155 1267 4240 quid,
1284 4175 1406 4239 quaeso,

322 4265 419 4350 magis
450 4265 607 4351 probabile
631 4274 693 4346 est,
719 4291 812 4353 quam
835 4268 923 4332 nobis
948 4268 1059 4347 illudi,
1085 4277 1115 4332 et
1138 4267 1251 4332 nubem
1273 4288 1329 4330 nos
1352 4287 1407 4350 pro

322 4375 443 4441 Iunone
469 4377 631 4464 amplecti?
673 4379 782 4465 Lysiae
806 4381 958 4444 orationes
982 4381 1036 4444 nni
1060 4378 1125 4442 Ma.
1150 4379 1280 4464 pessimo
1303 4385 1334 4442 et
1357 4376 1406 4440 de-

322 4496 447 4572 pravato
479 4490 643 4569 debemus;
675 4500 771 4556 scatet
793 4491 845 4556 ille
867 4492 972 4556 formis
996 4491 1147 4567 barbaris,
1172 4488 1404 4564 omissionibus,
