3128 5208
719 435 737 495 5

179 647 279 705 artem
315 649 434 719 tamen,
466 649 500 706 ut
531 644 583 727 qui
613 644 758 721 manime,
779 643 951 707 occultavit.
1005 643 1051 706 De
1074 645 1267 729 simplicitate

180 751 315 837 Lysiaca
346 753 441 838 possis
474 753 644 838 praedicare
676 754 758 839 quod
787 755 823 818 de
847 755 911 818 eius
935 754 1131 840 dispositione
1156 755 1266 821 dicitur

180 863 287 946 (Dion.
313 886 339 927 c.
365 865 396 948 8)
419 865 574 939 κεποίκτκι
605 867 685 946 edrai
714 871 798 931 τοῦτο
829 865 862 930 τὸ
885 867 1037 940 declara,
1061 867 1110 931 acl
1134 868 1163 932 ἐν
1185 870 1264 948 aare

180 977 222 1055 τῷ
247 976 289 1051 μὴ
313 975 401 1040 δοκεῖν
424 974 515 1047 δεινῶς
537 976 767 1041 κατεσκευάσθαι
789 976 822 1041 τὸ
844 976 928 1041 δεινὸν
951 977 1022 1058 ἔχει.

180 1221 254 1261 suos
284 1218 383 1260 mores
410 1197 537 1282 singulis
561 1197 728 1283 adscriptos
752 1198 842 1276 velit,
868 1221 905 1263 an
930 1198 1071 1263 omnibus
1094 1199 1180 1284 probi
1204 1223 1265 1266 om-

180 1309 257 1372 nino
286 1307 344 1370 viri
374 1308 529 1392 ingenium
560 1309 710 1373 tributum
741 1309 789 1394 (cf.
818 1309 1024 1394 Hermogenes
1054 1309 1092 1373 de
1115 1311 1196 1375 Ideis
1220 1311 1262 1375 H.

180 1444 211 1505 p.
238 1423 313 1484 304.
337 1419 442 1482 Waln:
467 1414 528 1493 ἦθος
548 1420 637 1485 τοίνυν
657 1420 1031 1500 antecrescentem
1049 1421 1097 1486 nal
1117 1421 1262 1503 οὶφέλειοο,

180 1558 209 1598 κ.
226 1557 255 1596 τ.
271 1532 316 1616 ἓ).
351 1531 506 1595 Posterius
530 1531 591 1595 fere
614 1531 807 1610 crediderim,
833 1532 915 1618 quod
939 1532 1097 1618 subiungit
1119 1539 1265 1618 tanquam

178 1665 291 1707 novam
314 1649 344 1706 et
366 1641 514 1706 diversam
537 1644 680 1708 virtutem
703 1645 739 1727 (c.
765 1641 821 1728 93),
847 1645 1036 1729 singularum
1058 1653 1208 1724 aetatum,
1233 1654 1263 1710 et

179 1753 352 1819 studiorum
379 1754 529 1818 orationes
553 1753 590 1819 ab
614 1777 648 1818 eo
672 1754 830 1820 distinctas
854 1757 956 1820 fuisse.
1003 1755 1061 1820 Sed
1085 1757 1134 1821 hic
1157 1779 1262 1821 mrsus

178 1867 271 1930 nimis
301 1863 339 1928 ad
370 1863 491 1928 laudem
520 1886 687 1950 propensus
719 1889 782 1930 esse
813 1865 942 1931 videtur.
987 1865 1126 1952 Namque
1156 1867 1262 1952 Lysias

177 1985 262 2042 recto
292 2000 365 2042 usus
394 1975 524 2054 iudicio,
553 1984 675 2040 eatenus
699 1976 823 2062 quidem
845 1977 986 2042 distinxit
1007 1977 1087 2042 inter
1110 1999 1141 2041 se
1164 2001 1263 2062 perso-

177 2112 249 2167 nas,
271 2095 306 2152 ut
323 2111 385 2153 non
405 2089 543 2153 omnibus
565 2111 634 2152 eum
654 2089 813 2153 candorem
832 2094 863 2152 et
882 2089 1106 2175 simplieitatem
1125 2090 1262 2172 (εὐήθειαν

175 2199 229 2265 aa}
257 2200 411 2284 οἱφὲλειοιν)
438 2199 637 2278 adscriberet,
662 2199 714 2264 sed
737 2208 838 2264 tamen
863 2208 974 2265 aetates
998 2208 1029 2265 et
1050 2202 1129 2265 vitae
1153 2223 1261 2286 genera

177 2310 317 2374 oratione
339 2333 402 2374 non
425 2310 564 2376 distinxit
571 2338 581 2389 ;
607 2312 741 2376 stillam
764 2313 861 2396 ipsam
883 2312 1107 2397 simplicitatem
1131 2313 1173 2376 sic
1193 2312 1261 2377 sub·

176 2421 250 2486 inde
282 2423 488 2508 exaggeravit,
520 2430 556 2486 ut
587 2423 724 2487 affectata
755 2422 944 2488 auditoribus
967 2422 1119 2487 videretur
1141 2446 1261 2488 necesse

177 2541 267 2598 esset.
302 2532 374 2597 Non
398 2533 500 2612 video,
525 2534 599 2619 quid
622 2557 803 2620 magnopere
826 2535 946 2599 intersit
965 2535 1044 2598 inter
1064 2533 1166 2599 claudi
1181 2535 1260 2600 senis

176 2666 363 2723 sermonem,
388 2646 438 2708 cui
457 2645 628 2709 vicesimam
647 2653 801 2731 quartam,
823 2652 852 2710 et
872 2646 1020 2730 agricolae
1036 2647 1111 2730 (ruri
1126 2646 1259 2724 habitat,

178 2756 218 2820 cf.
241 2757 331 2840 §182
356 2757 421 2827 τοὺς
445 2757 588 2842 γείτονος)
612 2757 662 2820 cui
686 2757 843 2842 septimam
868 2757 1033 2821 orationem
1050 2758 1184 2843 scripsit,
1205 2779 1261 2821 nee

176 2870 260 2933 inter
288 2869 415 2934 militem
448 2869 538 2963 (orat.
570 2871 621 2954 16)
653 2876 683 2933 et
714 2870 926 2954 Aristophanis
958 2869 1077 2934 affinem
1107 2870 1160 2952 (or.
1203 2871 1259 2953 aa).

178 2979 251 3042 Non
279 2978 447 3064 provocabo
478 2979 516 3043 ad
538 2978 641 3043 Plauti
664 2979 812 3058 Militem,
837 2987 873 3044 ut
896 2981 950 3064 qui
973 2981 1014 3044 sit
1037 3003 1133 3044 sermo
1156 2980 1260 3044 militis
1329 3067 1332 3076 Ι

179 3089 374 3176 gloriabundi
407 3079 667 3168 ostendam,⁸sed
696 3092 799 3176 potius
830 3092 869 3156 ad
900 3091 991 3156 verba
1020 3091 1210 3176 Iphicratis,¹
1226 3091 1258 3154 in

128 3193 130 3196 ’
178 3203 332 3280 oratione,
347 3212 422 3291 'qua
449 3225 481 3265 se
509 3224 572 3266 non
602 3201 763 3287 indignum
789 3201 904 3267 honore
928 3198 1062 3265 ostendit
1086 3200 1144 3264 sibi
1167 3201 1259 3265 semel

179 3313 346 3398 designato.
383 3311 459 3376 Eam
483 3313 648 3376 orationem
672 3311 797 3397 quidam
820 3311 898 3376 male
912 3310 1020 3396 Lysiae
1039 3310 1257 3376 adscribebant.

177 3424 369 3509 El‚·inquit,
392 3426 470 3490 ἕκτοι
490 3426 557 3502 ὑμῖν
580 3422 652 3500 ἦοιιν
676 3424 834 3505 οτρκτκνοὶ
854 3419 908 3495 ὀἷος
927 3423 1001 3501 ἐγώ,
1022 3423 1151 3496 ἀοίκητος
1171 3421 1206 3487 ἂν
1226 3418 1257 3498 ἦν

178 3538 196 3610 ἡ
214 3535 407 3612 Λακεδαίμων
430 3535 608 3620 (Aristides,
633 3557 675 3598 or.
697 3538 749 3612 49,
773 3558 803 3619 p.
822 3536 884 3598 518
902 3533 974 3597 Ddf.
991 3533 1079 3617 trgm.
1096 3531 1218 3597 XVIII.
1237 3536 1255 3597 5

178 3647 314 3732 Saupp.).
349 3647 450 3719 Ὑμεῖς
472 3647 525 3724 μὲν
548 3645 630 3711 οἴεσθ’
651 3641 672 3710 ὦ
695 3644 791 3725 ἄνδρες
806 3645 962 3720 Ἀθηνκῖοι,
980 3647 1047 3723 παρ’
1064 3645 1142 3720 ὑμῶν
1157 3646 1257 3710 rebrat

178 3781 226 3836 μοι
247 3756 308 3841 (τοι)
326 3757 495 3836 acaptare
511 3757 560 3822 κοιὶ
576 3759 628 3832 τὴν
650 3758 759 3833 στήλην
776 3753 849 3821 εἶναι
865 3779 893 3821 τι
911 3753 1030 3839 σεμνόν,
1048 3755 1110 3832 ἐμοὶ
1122 3755 1151 3818 δὲ
1163 3755 1256 3831 στήλη

178 3869 369 3948 οὐρανομήκης
393 3865 510 3943 ἕστηκεν
534 3871 562 3932 ἐν
585 3879 621 3951 τῇ
644 3869 848 3948 Πελοποννήσῳ
870 3872 1054 3948 μοιρτοροῡσοι
1076 3867 1128 3940 τὴν
1142 3867 1255 3947 ἀρενήν.

178 3978 250 4064 (lh.)
280 3978 323 4042 Τὸ
353 3980 406 4054 μὲν
436 3979 503 4058 ἐμὸν
532 3981 586 4043 ἀπ’
615 3981 685 4056 ἐμοῦ
713 3979 794 4057 γένος
817 3978 961 4059 ἄρχεται,
986 3976 1019 4042 τὸ
1042 3977 1072 4041 δὲ
1094 3976 1142 4041 σὸν
1164 3977 1192 4042 ἔν
1215 4001 1256 4041 σοι

178 4090 305 4156 raderer
330 4088 423 4174 (Plut.
448 4089 604 4174 Apophth.
629 4113 658 4175 p.
686 4093 758 4156 187.
783 4089 818 4154 Β.
843 4091 931 4175 frgm.
956 4088 1077 4152 XVIII.
1104 4091 1143 4173 8).
1169 4087 1257 4152 Gom·

179 4223 251 4286 para
281 4223 350 4264 cum
380 4201 428 4264 his
450 4201 531 4265 lenia
553 4200 606 4264 illa
628 4201 719 4265 verba
741 4202 846 4267 militis
869 4201 951 4286 apud
973 4198 1095 4286 Lysiam
1119 4206 1148 4262 et
1170 4199 1258 4263 intel-

178 4313 260 4396 leges
288 4320 435 4396 quantum
467 4313 567 4376 absint
590 4311 717 4398 Lysiaca
739 4313 776 4379 ab
800 4313 1001 4377 ostentatione
1024 4319 1054 4375 et
1076 4311 1156 4375 lastu
1179 4310 1256 4374 mili·

86 4483 94 4500 ,
126 4447 127 4454 ¹
179 4423 246 4486 tari.
281 4420 415 4500 „Navita
438 4421 475 4486 de
498 4424 614 4500 ventis,
638 4421 676 4486 de
699 4422 796 4490 bobus
812 4430 914 4488 narrat
930 4421 1066 4500 arator;”
1090 4421 1142 4486 sed
1156 4421 1183 4485 is
1200 4423 1253 4509 qui
