3074 5210
829 462 889 524 106

314 659 392 725 Tum
421 659 595 725 Alcibiades
623 661 731 745 (pater)
755 681 801 723 res
826 657 1066 724 Atheniensibus
1090 655 1234 720 conciliat
1258 655 1306 738 (cf.
1332 655 1405 738 84).

317 769 527 835 Veruntamen
557 770 676 835 Orneae
706 770 798 856 paulo
830 778 900 855 post
932 771 971 854 (a.
992 769 1069 853 416)
1098 768 1201 832 favent
1224 765 1406 850 Spartanis3

315 903 386 946 nam
409 880 511 946 exules
535 871 706 966 optimates
720 883 924 967 Argivorum,
949 881 1003 964 qui
1026 902 1074 944 res
1097 880 1137 943 ad
1159 878 1324 965 Spartanos
1341 883 1408 942 tra-

315 991 387 1056 here
415 992 597 1071 studebant,
626 1015 662 1058 eo
686 1015 704 1056 a.
726 991 882 1077 Spartanis
906 999 1052 1075 tanquam
1075 991 1108 1054 in
1131 989 1280 1074 oppidum
1302 988 1411 1053 foede-

314 1107 414 1166 ratum
436 1103 603 1166 mittuntur
627 1102 809 1188 (01117).
855 1103 935 1167 Pieri
958 1103 1053 1188 igitur
1077 1103 1178 1186 potuit
1200 1109 1237 1166 ut
1251 1099 1410 1164 Orneaea
1522 1113 1523 1128 ¹

293 1211 378 1314 ¹lilio
401 1211 577 1290 Alcibiade,
601 1219 688 1297 patre
710 1213 802 1297 Argis
825 1213 1036 1298 praesidente,
1060 1211 1309 1276 Lacedaemoniis
1333 1231 1410 1294 pro·

316 1323 398 1388 ditae
414 1323 544 1401 fueriut3
563 1329 593 1388 et
610 1325 652 1388 sic
670 1324 814 1408 explicari
831 1323 1025 1409 aliquatenus
1042 1329 1146 1409 posset
1161 1322 1252 1387 lectio
1268 1320 1410 1386 Palatini

316 1434 438 1517 ὀρνεσύς,
470 1434 553 1519 quod
587 1435 748 1500 manifesto
772 1435 857 1500 ducit
880 1436 919 1500 ad
941 1436 1070 1517 Ὀρνεάς.
1117 1434 1196 1498 Sunt
1217 1439 1320 1496 tamen
1344 1430 1411 1496 alia
1522 1465 1523 1536 p

317 1567 394 1631 quae
418 1545 608 1630 prohibeant.
656 1545 737 1610 Nam
765 1547 847 1631 quod
876 1547 951 1611 dicit
973 1547 1072 1611 filium
1096 1569 1112 1609 a
1135 1553 1222 1630 patre
1244 1567 1409 1623 percrep-

304 1656 424 1736 -Φθῆναι
447 1655 521 1720 facit
543 1663 579 1721 nt
598 1657 635 1720 de
658 1657 764 1722 exsilio
788 1658 883 1743 patris
907 1658 1039 1742 cogites,
1065 1666 1119 1721 aut
1139 1656 1177 1720 de
1192 1653 1409 1739 expeditione,
1522 1665 1523 1668 ’

317 1765 350 1830 10
379 1788 471 1850 quam
496 1768 603 1852 procul
627 1791 644 1832 a
667 1769 757 1833 domo
781 1770 936 1854 profectus
960 1777 1048 1834 esset.
1096 1767 1236 1848 Quorum
1258 1772 1411 1830 neutrum

317 1883 388 1941 ante
420 1897 468 1942 res
500 1877 609 1944 Orneis
641 1901 667 1944 a.
700 1882 765 1942 416
797 1887 897 1964 gestas
930 1880 1058 1964 cogitari
1086 1885 1204 1964 potest;
1235 1884 1303 1941 tum
1334 1898 1409 1940 cum

319 1995 417 2052 morte
440 1988 535 2075 patris
557 1990 591 2053 in
614 1990 814 2075 sequentibus
837 1991 912 2055 haec
936 1991 979 2055 ita
1002 1991 1127 2075 copulat
1149 1995 1268 2066 orator,
1289 1994 1410 2050 utnon

319 2099 452 2164 multum
479 2101 625 2186 temporis
649 2101 729 2165 inter
752 2101 830 2165 hanc
855 2107 886 2165 et
907 2101 963 2164 filii
986 2100 1206 2186 profectionem
1227 2097 1410 2164 interfuisse

320 2210 426 2296 possit.
473 2210 647 2276 Alcibiades
679 2212 1272 2297 0010000100100010000010404.
1310 2207 1410 2271 Mitto

321 2343 404 2386 nunc
428 2343 505 2404 quae
529 2321 567 2386 de
589 2321 644 2386 filii
668 2328 766 2388 aetate
790 2323 913 2387 aliunde
936 2329 1094 2399 constant,
1116 2321 1155 2385 de
1171 2320 1283 2405 quibus
1299 2325 1412 2404 postea

322 2431 447 2496 videndi
473 2431 560 2496 locus
587 2432 654 2497 erit.
701 2432 832 2518 Reliqua
853 2434 914 2498 iam
938 2433 1011 2498 satis
1034 2433 1241 2498 demonstrare
1264 2429 1412 2494 videntur

321 2541 437 2606 Orneas
461 2541 597 2606 hicnon
621 2542 795 2628 significari.
821 2543 958 2609 ·Oontra
984 2544 1021 2608 iis
1046 2565 1123 2627 quae
1147 2543 1324 2606 factasunt
1349 2539 1410 2603 sub

321 2655 412 2716 finem
443 2651 516 2718 belli
546 2653 816 2739 Peloponnesiaci,
849 2678 945 2739 quum
968 2654 1144 2719 Alcibiades
1167 2661 1237 2738 post
1259 2651 1411 2716 Antiochi

321 2765 522 2830 temeritatem
545 2766 673 2851 imperio
696 2767 755 2852 ipsi
780 2767 926 2853 abrogato
950 2789 1006 2832 suo
1029 2773 1126 2831 marte
1149 2765 1182 2829 iu
1205 2763 1321 2827 Thrace
1346 2763 1412 2828 bel·

321 2875 388 2940 lum
421 2882 556 2960 gereret,
588 2875 697 2960 Lysiae
727 2877 819 2942 verba
842 2877 957 2963 optime
985 2876 1212 2941 accommodata
1235 2880 1317 2938 0001.
1360 2872 1411 2937 Ibi

322 2986 383 3051 iam
404 2993 474 3050 ante
493 3008 586 3070 prope
606 2986 776 3052 Bisanthen
792 2988 951 3053 castellum
967 2989 1106 3074 perfugio
1123 2986 1181 3051 sibi
1197 2992 1409 3061 exstruxerat,

323 3103 353 3162 et
377 3118 436 3180 quo
459 3103 595 3181 tempore
618 3120 722 3182 pugna
745 3097 784 3161 ad
806 3100 907 3182 Aegos
930 3099 1072 3163 Potamos
1095 3098 1175 3162 facta
1198 3104 1243 3160 est
1266 3095 1410 3160 1001100-

322 3230 427 3273 seneso
450 3209 579 3274 Thracia
601 3209 786 3274 versabatur.
827 3210 873 3274 Of.
900 3210 985 3275 Plut.
1009 3211 1076 3274 Alc.
1102 3232 1127 3274 c.
1152 3211 1194 3273 36
1219 3214 1250 3272 01
1273 3207 1404 3292 passim,

322 3321 402 3386 Xen.
434 3320 517 3385 Hell.
542 3321 569 3384 Ι.
595 3323 624 3384 5.
652 3324 702 3387 17.
748 3321 794 3386 Lo
817 3329 968 3408 tempore,
993 3345 1075 3387 auno
1100 3323 1163 3388 407
1189 3329 1243 3384 001
1267 3318 1409 3403 sequenti

322 3431 405 3494 filius
429 3454 446 3494 a
469 3438 556 3517 petre
580 3425 740 3496 arcessitus
764 3440 810 3496 est
833 3433 1052 3519 (μετεπέμφθη)
1072 3433 1134 3497 01νο
1156 3440 1192 3496 01
1206 3432 1254 3495 1111
1269 3430 1408 3494 Athenas

323 3543 357 3606 in
387 3548 544 3626 posterum
574 3565 636 3606 non
666 3543 803 3608 redituro
835 3545 948 3609 auxilio
980 3553 1058 3609 esset
1086 3545 1119 3608 in
1143 3543 1242 3620 bello,
1267 3543 1347 3619 sive,
1372 3545 1409 3602 01

325 3659 426 3717 orator
455 3660 557 3717 noster
586 3640 688 3718 miuus
719 3678 791 3719 0000
822 3656 1021 3741 probabiliter
1052 3655 1143 3734 dicit,
1174 3661 1299 3740 propter
1327 3652 1408 3716 vitae

324 3763 560 3850 turpitudinem.
606 3765 655 3830 Ab
686 3789 721 3830 00
752 3773 888 3852 tempore
917 3768 955 3831 ad
978 3773 1106 3832 mortem
1130 3766 1226 3851 petris
1249 3771 1311 3828 tres
1335 3760 1407 3826 0001

323 3882 413 3952 0001,
438 3875 551 3959 quibus
573 3877 607 3940 in
629 3877 760 3941 vinculis
784 3879 868 3963 apud
890 3879 992 3943 hostes
1016 3879 1111 3942 fuisse
1135 3877 1235 3941 filium
1257 3874 1337 3940 nihil
1361 3878 1407 3938 est

324 3986 408 4070 quod
438 3986 559 4051 credere
589 3985 759 4072 prohibeat.
807 3987 908 4068 Quem
939 4012 1009 4054 vero
1040 3989 1143 4053 locum
1174 3985 1346 4072 prodiderit
1376 3988 1406 4046 et

324 4098 454 4184 quibuS,
478 4098 631 4182 regulisne
654 4099 800 4164 Thraciae
816 4123 855 4166 en
870 4100 1120 4166 Lacedaemoniis
1136 4100 1249 4163 frustra
1257 4146 1266 4176 ,
1283 4095 1403 4181 opinor,

324 4210 490 4295 quaeritur.
537 4209 671 4274 Tantum
694 4211 776 4295 apud
799 4236 847 4276 mc
871 4219 992 4277 constat
1014 4233 1125 4276 nomen
1149 4210 1230 4291 eius,
1254 4207 1305 4272 cui
1324 4203 1405 4290 oppi-

325 4321 399 4385 dum
429 4319 615 4405 prodiderit,
649 4322 805 4388 excidisse.
852 4324 1009 4390 Sententia
1041 4323 1118 4388 enim
1144 4321 1304 4387 verborum
1327 4315 1405 4398 perd

327 4430 467 4509 Θεοτίμου
490 4451 516 4498 κ.
537 4458 564 4497 r.
584 4433 626 4516 1.,
650 4432 687 4496 de
708 4456 769 4520 qua
785 4435 897 4520 ambigi
913 4435 1016 4514 video,
1033 4435 1108 4500 haec
1123 4441 1184 4498 est:
1201 4453 1320 4516 „quum
1335 4447 1402 4492 cum
