<?xml version="1.0" encoding="UTF-8"?>
<!DOCTYPE html PUBLIC "-//W3C//DTD XHTML 1.0 Transitional//EN"
    "http://www.w3.org/TR/xhtml1/DTD/xhtml1-transitional.dtd">
<html xmlns="http://www.w3.org/1999/xhtml" xml:lang="en" lang="en">
 <head>
  <title>
</title>
<meta http-equiv="Content-Type" content="text/html;charset=utf-8" />
  <meta name='ocr-system' content='tesseract 3.04.00' />
  <meta name='ocr-capabilities' content='ocr_page ocr_carea ocr_par ocr_line ocrx_word'/>
</head>
<body>
  <div class='ocr_page' id='page_1' title='image "./commentationesl02frangoog_0122.png"; bbox 0 0 3074 5210; ppageno 0'>
   <div class='ocr_carea' id='block_1_1' title="bbox 713 482 771 548">
    <p class='ocr_par' dir='ltr' id='par_1_1' title="bbox 713 482 771 548">
     <span class='ocr_line' id='line_1_1' title="bbox 713 482 771 548; baseline 0.069 -4"><span class='ocrx_word' id='word_1_1' title='bbox 713 482 771 548; x_wconf 79' lang='lat'>107</span> 
     </span>
    </p>
   </div>
   <div class='ocr_carea' id='block_1_2' title="bbox 167 677 1359 4410">
    <p class='ocr_par' dir='ltr' id='par_1_2' title="bbox 167 677 1282 1758">
     <span class='ocr_line' id='line_1_2' title="bbox 174 677 1281 766; baseline 0.001 -23"><span class='ocrx_word' id='word_1_2' title='bbox 174 678 380 758; x_wconf 78' lang='lat' dir='ltr'>„Theotimo</span> <span class='ocrx_word' id='word_1_3' title='bbox 409 679 488 764; x_wconf 86' lang='lat' dir='ltr'>patri</span> <span class='ocrx_word' id='word_1_4' title='bbox 516 677 645 742; x_wconf 82' lang='lat' dir='ltr'>insidias</span> <span class='ocrx_word' id='word_1_5' title='bbox 676 685 808 745; x_wconf 79' lang='lat' dir='ltr'>strueret</span> <span class='ocrx_word' id='word_1_6' title='bbox 831 679 979 766; x_wconf 88' lang='lat' dir='ltr'>oppidum</span> <span class='ocrx_word' id='word_1_7' title='bbox 1002 679 1169 766; x_wconf 86' lang='lat' dir='ltr'>prodidit.&#39;’</span> <span class='ocrx_word' id='word_1_8' title='bbox 1203 677 1281 744; x_wconf 77' lang='lat' dir='ltr'>Tum</span> 
     </span>
     <span class='ocr_line' id='line_1_3' title="bbox 172 788 1282 876; baseline 0.002 -23"><span class='ocrx_word' id='word_1_9' title='bbox 172 796 385 873; x_wconf 85' lang='lat' dir='ltr'>sequuntur:</span> <span class='ocrx_word' id='word_1_10' title='bbox 409 790 422 853; x_wconf 80' lang='grc' dir='ltr'>ὁ</span> <span class='ocrx_word' id='word_1_11' title='bbox 445 788 474 853; x_wconf 72' lang='grc' dir='ltr'>δὲ</span> <span class='ocrx_word' id='word_1_12' title='bbox 497 789 682 870; x_wconf 74' lang='grc' dir='ltr'><em>παραλαβὼν</em></span> <span class='ocrx_word' id='word_1_13' title='bbox 707 789 740 856; x_wconf 82' lang='grc' dir='ltr'>τὸ</span> <span class='ocrx_word' id='word_1_14' title='bbox 762 789 882 874; x_wconf 78' lang='grc' dir='ltr'>χωρίον,</span> <span class='ocrx_word' id='word_1_15' title='bbox 906 790 989 875; x_wconf 86' lang='lat' dir='ltr'>quod</span> <span class='ocrx_word' id='word_1_16' title='bbox 1011 791 1120 856; x_wconf 82' lang='lat' dir='ltr'>mirere</span> <span class='ocrx_word' id='word_1_17' title='bbox 1143 790 1181 855; x_wconf 92' lang='lat' dir='ltr'>de</span> <span class='ocrx_word' id='word_1_18' title='bbox 1196 799 1282 876; x_wconf 88' lang='lat' dir='ltr'>patre</span> 
     </span>
     <span class='ocr_line' id='line_1_4' title="bbox 170 899 1280 986; baseline 0 -20"><span class='ocrx_word' id='word_1_19' title='bbox 170 901 290 986; x_wconf 81' lang='lat' dir='ltr'>accipi</span> <span class='ocrx_word' id='word_1_20' title='bbox 321 900 475 985; x_wconf 78' lang='lat' dir='ltr'>potuisse3</span> <span class='ocrx_word' id='word_1_21' title='bbox 505 899 668 968; x_wconf 87' lang='lat' dir='ltr'>manifesto</span> <span class='ocrx_word' id='word_1_22' title='bbox 699 900 888 986; x_wconf 84' lang='lat' dir='ltr'>significatur</span> <span class='ocrx_word' id='word_1_23' title='bbox 914 901 978 966; x_wconf 86' lang='lat' dir='ltr'>dux</span> <span class='ocrx_word' id='word_1_24' title='bbox 1001 907 1072 966; x_wconf 88' lang='lat' dir='ltr'>ante</span> <span class='ocrx_word' id='word_1_25' title='bbox 1094 902 1280 966; x_wconf 81' lang='lat' dir='ltr'>nominatus.</span> 
     </span>
     <span class='ocr_line' id='line_1_5' title="bbox 169 1010 1281 1098; baseline 0.001 -22"><span class='ocrx_word' id='word_1_26' title='bbox 169 1012 210 1076; x_wconf 88' lang='lat' dir='ltr'>Is</span> <span class='ocrx_word' id='word_1_27' title='bbox 249 1011 372 1075; x_wconf 89' lang='lat' dir='ltr'>dicitur</span> <span class='ocrx_word' id='word_1_28' title='bbox 401 1010 528 1075; x_wconf 86' lang='lat' dir='ltr'>violasse</span> <span class='ocrx_word' id='word_1_29' title='bbox 560 1032 647 1089; x_wconf 86' lang='lat' dir='ltr'>eum,</span> <span class='ocrx_word' id='word_1_30' title='bbox 677 1017 745 1076; x_wconf 90' lang='lat' dir='ltr'>tum</span> <span class='ocrx_word' id='word_1_31' title='bbox 767 1011 802 1076; x_wconf 86' lang='lat' dir='ltr'>iu</span> <span class='ocrx_word' id='word_1_32' title='bbox 823 1011 955 1076; x_wconf 87' lang='lat' dir='ltr'>vinculis</span> <span class='ocrx_word' id='word_1_33' title='bbox 978 1013 1114 1078; x_wconf 86' lang='lat' dir='ltr'>tenuisse</span> <span class='ocrx_word' id='word_1_34' title='bbox 1138 1019 1169 1077; x_wconf 89' lang='lat' dir='ltr'>et</span> <span class='ocrx_word' id='word_1_35' title='bbox 1190 1033 1281 1098; x_wconf 90' lang='lat' dir='ltr'>pecu·</span> 
     </span>
     <span class='ocr_line' id='line_1_6' title="bbox 167 1121 1281 1210; baseline 0.001 -23"><span class='ocrx_word' id='word_1_36' title='bbox 167 1123 275 1187; x_wconf 87' lang='lat' dir='ltr'>niam</span> <span class='ocrx_word' id='word_1_37' title='bbox 299 1143 356 1207; x_wconf 91' lang='lat' dir='ltr'>pro</span> <span class='ocrx_word' id='word_1_38' title='bbox 379 1121 560 1186; x_wconf 77' lang='lat' dir='ltr'>liberatione</span> <span class='ocrx_word' id='word_1_39' title='bbox 580 1121 715 1206; x_wconf 84' lang='lat' dir='ltr'>exegisse</span> <span class='ocrx_word' id='word_1_40' title='bbox 734 1121 968 1210; x_wconf 75' lang='grc' dir='ltr'>(εἶςεπραὶττετο).</span> <span class='ocrx_word' id='word_1_41' title='bbox 1002 1122 1084 1202; x_wconf 84' lang='lat' dir='ltr'>„Sed</span> <span class='ocrx_word' id='word_1_42' title='bbox 1104 1130 1189 1210; x_wconf 88' lang='lat' dir='ltr'>pater</span> <span class='ocrx_word' id='word_1_43' title='bbox 1205 1125 1230 1208; x_wconf 81' lang='lat' dir='ltr'>(d</span> <span class='ocrx_word' id='word_1_44' title='bbox 1245 1123 1281 1188; x_wconf 72' lang='lat' dir='ltr'>tl</span> 
     </span>
     <span class='ocr_line' id='line_1_7' title="bbox 169 1231 1281 1319; baseline 0.002 -21"><span class='ocrx_word' id='word_1_45' title='bbox 169 1233 328 1317; x_wconf 75' lang='grc' dir='ltr'>,,πατήρ)</span> <span class='ocrx_word' id='word_1_46' title='bbox 360 1231 435 1296; x_wconf 88' lang='lat' dir='ltr'>adeo</span> <span class='ocrx_word' id='word_1_47' title='bbox 464 1231 555 1296; x_wconf 90' lang='lat' dir='ltr'>illum</span> <span class='ocrx_word' id='word_1_48' title='bbox 585 1232 709 1311; x_wconf 86' lang='lat' dir='ltr'>oderat,</span> <span class='ocrx_word' id='word_1_49' title='bbox 741 1240 777 1297; x_wconf 92' lang='lat' dir='ltr'>ut</span> <span class='ocrx_word' id='word_1_50' title='bbox 807 1255 846 1298; x_wconf 94' lang='lat' dir='ltr'>ne</span> <span class='ocrx_word' id='word_1_51' title='bbox 874 1233 989 1298; x_wconf 88' lang='lat' dir='ltr'>mortui</span> <span class='ocrx_word' id='word_1_52' title='bbox 1013 1234 1137 1319; x_wconf 90' lang='lat' dir='ltr'>quidem</span> <span class='ocrx_word' id='word_1_53' title='bbox 1159 1257 1228 1300; x_wconf 90' lang='lat' dir='ltr'>ossa</span> <span class='ocrx_word' id='word_1_54' title='bbox 1249 1257 1281 1300; x_wconf 87' lang='lat' dir='ltr'>se</span> 
     </span>
     <span class='ocr_line' id='line_1_8' title="bbox 169 1339 1282 1428; baseline 0 -21"><span class='ocrx_word' id='word_1_55' title='bbox 169 1343 423 1422; x_wconf 85' lang='lat' dir='ltr'>„redemtumm</span> <span class='ocrx_word' id='word_1_56' title='bbox 454 1343 547 1407; x_wconf 78' lang='lat' dir='ltr'>fuisse</span> <span class='ocrx_word' id='word_1_57' title='bbox 577 1339 723 1406; x_wconf 86' lang='lat' dir='ltr'>diceret.”</span> <span class='ocrx_word' id='word_1_58' title='bbox 769 1341 891 1408; x_wconf 88' lang='lat' dir='ltr'>Nomen</span> <span class='ocrx_word' id='word_1_59' title='bbox 914 1343 981 1408; x_wconf 88' lang='lat' dir='ltr'>eius</span> <span class='ocrx_word' id='word_1_60' title='bbox 1004 1343 1055 1408; x_wconf 90' lang='lat' dir='ltr'>cui</span> <span class='ocrx_word' id='word_1_61' title='bbox 1078 1344 1201 1428; x_wconf 90' lang='lat' dir='ltr'>prodita</span> <span class='ocrx_word' id='word_1_62' title='bbox 1222 1344 1282 1409; x_wconf 86' lang='lat' dir='ltr'>fuit</span> 
     </span>
     <span class='ocr_line' id='line_1_9' title="bbox 170 1453 1281 1539; baseline -0.001 -19"><span class='ocrx_word' id='word_1_63' title='bbox 170 1455 264 1520; x_wconf 90' lang='lat' dir='ltr'>urbs</span> <span class='ocrx_word' id='word_1_64' title='bbox 298 1463 370 1539; x_wconf 89' lang='lat' dir='ltr'>post</span> <span class='ocrx_word' id='word_1_65' title='bbox 400 1453 490 1536; x_wconf 79' lang='grc' dir='ltr'><em>πατρί</em></span> <span class='ocrx_word' id='word_1_66' title='bbox 519 1453 649 1532; x_wconf 81' lang='lat' dir='ltr'>excidit,</span> <span class='ocrx_word' id='word_1_67' title='bbox 685 1454 922 1538; x_wconf 86' lang='lat' dir='ltr'>commixtisque</span> <span class='ocrx_word' id='word_1_68' title='bbox 954 1454 1118 1539; x_wconf 89' lang='lat' dir='ltr'>utriusque</span> <span class='ocrx_word' id='word_1_69' title='bbox 1147 1455 1281 1524; x_wconf 86' lang='lat' dir='ltr'>nominis</span> 
     </span>
     <span class='ocr_line' id='line_1_10' title="bbox 168 1565 1279 1651; baseline 0 -21"><span class='ocrx_word' id='word_1_70' title='bbox 168 1565 332 1650; x_wconf 85' lang='lat' dir='ltr'>reliquiis</span> <span class='ocrx_word' id='word_1_71' title='bbox 372 1572 550 1650; x_wconf 87' lang='lat' dir='ltr'>corruptum</span> <span class='ocrx_word' id='word_1_72' title='bbox 583 1565 689 1646; x_wconf 76' lang='grc' dir='ltr'><em>ὀρνεούς</em></span> <span class='ocrx_word' id='word_1_73' title='bbox 727 1565 760 1628; x_wconf 92' lang='lat' dir='ltr'>in</span> <span class='ocrx_word' id='word_1_74' title='bbox 793 1565 935 1630; x_wconf 89' lang='lat' dir='ltr'>Palatino</span> <span class='ocrx_word' id='word_1_75' title='bbox 966 1566 1101 1645; x_wconf 81' lang='lat' dir='ltr'>exstitit,</span> <span class='ocrx_word' id='word_1_76' title='bbox 1133 1567 1215 1651; x_wconf 91' lang='lat' dir='ltr'>quod</span> <span class='ocrx_word' id='word_1_77' title='bbox 1245 1566 1279 1631; x_wconf 94' lang='lat' dir='ltr'>in</span> 
     </span>
     <span class='ocr_line' id='line_1_11' title="bbox 168 1676 1207 1758; baseline 0.002 -16"><span class='ocrx_word' id='word_1_78' title='bbox 168 1676 401 1742; x_wconf 86' lang='lat' dir='ltr'>Laurentiano</span> <span class='ocrx_word' id='word_1_79' title='bbox 425 1699 442 1740; x_wconf 84' lang='lat' dir='ltr'>a</span> <span class='ocrx_word' id='word_1_80' title='bbox 464 1676 589 1742; x_wconf 79' lang='lat' dir='ltr'>librario</span> <span class='ocrx_word' id='word_1_81' title='bbox 613 1699 629 1741; x_wconf 88' lang='lat' dir='ltr'>e</span> <span class='ocrx_word' id='word_1_82' title='bbox 653 1677 827 1742; x_wconf 82' lang='lat' dir='ltr'>coniectura</span> <span class='ocrx_word' id='word_1_83' title='bbox 850 1683 1019 1742; x_wconf 85' lang='lat' dir='ltr'>correctum</span> <span class='ocrx_word' id='word_1_84' title='bbox 1043 1679 1077 1743; x_wconf 90' lang='lat' dir='ltr'>in</span> <span class='ocrx_word' id='word_1_85' title='bbox 1099 1679 1207 1758; x_wconf 76' lang='grc' dir='ltr'>αἰρεούς.</span> 
     </span>
    </p>

    <p class='ocr_par' dir='ltr' id='par_1_3' title="bbox 171 1785 1282 3410">
     <span class='ocr_line' id='line_1_12' title="bbox 225 1785 1279 1873; baseline 0.005 -24"><span class='ocrx_word' id='word_1_86' title='bbox 225 1790 248 1873; x_wconf 60' lang='grc' dir='ltr'><strong>ξ</strong></span> <span class='ocrx_word' id='word_1_87' title='bbox 272 1789 327 1852; x_wconf 79' lang='grc'>28.</span> <span class='ocrx_word' id='word_1_88' title='bbox 362 1787 519 1860; x_wconf 75' lang='grc' dir='ltr'>Ἱππόνικος</span> <span class='ocrx_word' id='word_1_89' title='bbox 535 1787 564 1852; x_wconf 73' lang='grc' dir='ltr'>δὲ</span> <span class='ocrx_word' id='word_1_90' title='bbox 591 1787 715 1860; x_wconf 74' lang='grc' dir='ltr'><em>πολλοὺς</em></span> <span class='ocrx_word' id='word_1_91' title='bbox 739 1788 952 1869; x_wconf 75' lang='grc' dir='ltr'><em>παρακαλέσας</em></span> <span class='ocrx_word' id='word_1_92' title='bbox 964 1787 1115 1870; x_wconf 79' lang='grc' dir='ltr'><em>ἐξέπεμψε·</em></span> <span class='ocrx_word' id='word_1_93' title='bbox 1126 1785 1178 1864; x_wconf 64' lang='lat' dir='ltr'>rba</span> <span class='ocrx_word' id='word_1_94' title='bbox 1190 1788 1279 1854; x_wconf 74' lang='grc' dir='ltr'><em>αὑτοῦ</em></span> 
     </span>
     <span class='ocr_line' id='line_1_13' title="bbox 171 1897 1280 1982; baseline -0.004 -16"><span class='ocrx_word' id='word_1_95' title='bbox 171 1907 340 1980; x_wconf 71' lang='grc' dir='ltr'>γυναῖκα,</span> <span class='ocrx_word' id='word_1_96' title='bbox 370 1897 493 1982; x_wconf 67' lang='lat' dir='ltr'>(petram</span> <span class='ocrx_word' id='word_1_97' title='bbox 520 1905 620 1964; x_wconf 78' lang='grc' dir='ltr'><em>τοῦτον</em></span> <span class='ocrx_word' id='word_1_98' title='bbox 641 1901 678 1971; x_wconf 77' lang='grc' dir='ltr'>ὡς</span> <span class='ocrx_word' id='word_1_99' title='bbox 701 1902 751 1964; x_wconf 80' lang='grc' dir='ltr'>οὐκ</span> <span class='ocrx_word' id='word_1_100' title='bbox 772 1899 901 1980; x_wconf 64' lang='grc' dir='ltr'>ἀδελφὸν</span> <span class='ocrx_word' id='word_1_101' title='bbox 924 1901 1015 1973; x_wconf 72' lang='grc' dir='ltr'><em>αὐτῆς</em></span> <span class='ocrx_word' id='word_1_102' title='bbox 1038 1897 1109 1966; x_wconf 71' lang='lat' dir='ltr'>aaa’</span> <span class='ocrx_word' id='word_1_103' title='bbox 1130 1901 1168 1971; x_wconf 78' lang='grc' dir='ltr'>ὥς</span> <span class='ocrx_word' id='word_1_104' title='bbox 1189 1898 1280 1980; x_wconf 73' lang='grc' dir='ltr'><em>ἄνδρα</em></span> 
     </span>
     <span class='ocr_line' id='line_1_14' title="bbox 174 2008 1280 2086; baseline -0.005 -9"><span class='ocrx_word' id='word_1_105' title='bbox 174 2011 300 2086; x_wconf 72' lang='grc' dir='ltr'><em>ἐκείνης</em></span> <span class='ocrx_word' id='word_1_106' title='bbox 325 2012 364 2084; x_wconf 79' lang='grc' dir='ltr'>εἷς</span> <span class='ocrx_word' id='word_1_107' title='bbox 387 2012 440 2086; x_wconf 75' lang='grc' dir='ltr'>τὴν</span> <span class='ocrx_word' id='word_1_108' title='bbox 463 2010 552 2076; x_wconf 65' lang='grc' dir='ltr'><em>οἰκίαν</em></span> <span class='ocrx_word' id='word_1_109' title='bbox 575 2009 686 2082; x_wconf 68' lang='lat' dir='ltr'>elsatam</span> <span class='ocrx_word' id='word_1_110' title='bbox 708 2009 761 2086; x_wconf 66' lang='grc' dir='ltr'>τὴν</span> <span class='ocrx_word' id='word_1_111' title='bbox 785 2010 884 2075; x_wconf 79' lang='grc' dir='ltr'><em>αὑτοῦ.</em></span> <span class='ocrx_word' id='word_1_112' title='bbox 930 2009 1023 2074; x_wconf 81' lang='lat' dir='ltr'>Recte</span> <span class='ocrx_word' id='word_1_113' title='bbox 1045 2009 1106 2073; x_wconf 90' lang='lat' dir='ltr'>iam</span> <span class='ocrx_word' id='word_1_114' title='bbox 1125 2008 1280 2072; x_wconf 87' lang='lat' dir='ltr'>Marklan-</span> 
     </span>
     <span class='ocr_line' id='line_1_15' title="bbox 175 2117 1281 2207; baseline -0.003 -21"><span class='ocrx_word' id='word_1_115' title='bbox 175 2122 247 2186; x_wconf 91' lang='lat' dir='ltr'>dus</span> <span class='ocrx_word' id='word_1_116' title='bbox 274 2142 334 2207; x_wconf 93' lang='lat' dir='ltr'>pro</span> <span class='ocrx_word' id='word_1_117' title='bbox 354 2121 446 2196; x_wconf 74' lang='grc' dir='ltr'><em>αὐτῆς</em></span> <span class='ocrx_word' id='word_1_118' title='bbox 468 2119 685 2206; x_wconf 82' lang='lat' dir='ltr'>corrigendum</span> <span class='ocrx_word' id='word_1_119' title='bbox 707 2121 826 2185; x_wconf 91' lang='lat' dir='ltr'>censuit</span> <span class='ocrx_word' id='word_1_120' title='bbox 847 2122 948 2187; x_wconf 81' lang='grc' dir='ltr'><em>αὑτοῦ.</em></span> <span class='ocrx_word' id='word_1_121' title='bbox 994 2117 1169 2186; x_wconf 77' lang='lat' dir='ltr'>Alcibiades</span> <span class='ocrx_word' id='word_1_122' title='bbox 1184 2120 1281 2184; x_wconf 90' lang='lat' dir='ltr'>maior</span> 
     </span>
     <span class='ocr_line' id='line_1_16' title="bbox 175 2229 1276 2316; baseline -0.004 -18"><span class='ocrx_word' id='word_1_123' title='bbox 175 2254 322 2298; x_wconf 80' lang='lat' dir='ltr'>uxorem</span> <span class='ocrx_word' id='word_1_124' title='bbox 351 2231 479 2296; x_wconf 83' lang='lat' dir='ltr'>duxerat</span> <span class='ocrx_word' id='word_1_125' title='bbox 506 2229 697 2316; x_wconf 86' lang='lat' dir='ltr'>Hipparcten</span> <span class='ocrx_word' id='word_1_126' title='bbox 720 2230 887 2316; x_wconf 90' lang='lat' dir='ltr'>Hipponici</span> <span class='ocrx_word' id='word_1_127' title='bbox 909 2231 1003 2296; x_wconf 88' lang='lat' dir='ltr'>filiam</span> <span class='ocrx_word' id='word_1_128' title='bbox 1026 2231 1075 2316; x_wconf 89' lang='lat' dir='ltr'>(cf.</span> <span class='ocrx_word' id='word_1_129' title='bbox 1099 2231 1182 2296; x_wconf 84' lang='lat' dir='ltr'>Plut.</span> <span class='ocrx_word' id='word_1_130' title='bbox 1209 2230 1276 2294; x_wconf 90' lang='lat' dir='ltr'>Alc.</span> 
     </span>
     <span class='ocr_line' id='line_1_17' title="bbox 181 2341 1280 2428; baseline -0.002 -20"><span class='ocrx_word' id='word_1_131' title='bbox 181 2346 221 2423; x_wconf 84' lang='lat'>8,</span> <span class='ocrx_word' id='word_1_132' title='bbox 245 2341 332 2406; x_wconf 89' lang='lat' dir='ltr'>Isoo.</span> <span class='ocrx_word' id='word_1_133' title='bbox 352 2343 403 2406; x_wconf 86' lang='lat'>16.</span> <span class='ocrx_word' id='word_1_134' title='bbox 421 2343 495 2426; x_wconf 79' lang='lat'>31),</span> <span class='ocrx_word' id='word_1_135' title='bbox 518 2363 554 2405; x_wconf 84' lang='lat' dir='ltr'>ex</span> <span class='ocrx_word' id='word_1_136' title='bbox 573 2362 651 2426; x_wconf 87' lang='lat' dir='ltr'>qua,</span> <span class='ocrx_word' id='word_1_137' title='bbox 672 2341 698 2405; x_wconf 91' lang='lat' dir='ltr'>si</span> <span class='ocrx_word' id='word_1_138' title='bbox 713 2347 795 2406; x_wconf 85' lang='lat' dir='ltr'>recte</span> <span class='ocrx_word' id='word_1_139' title='bbox 810 2341 955 2428; x_wconf 75' lang='lat' dir='ltr'>intellego</span> <span class='ocrx_word' id='word_1_140' title='bbox 971 2342 1055 2408; x_wconf 90' lang='lat' dir='ltr'>hunc</span> <span class='ocrx_word' id='word_1_141' title='bbox 1069 2343 1185 2420; x_wconf 89' lang='lat' dir='ltr'>locum,</span> <span class='ocrx_word' id='word_1_142' title='bbox 1202 2341 1280 2406; x_wconf 89' lang='lat' dir='ltr'>duos</span> 
     </span>
     <span class='ocr_line' id='line_1_18' title="bbox 177 2451 1281 2540; baseline -0.002 -22"><span class='ocrx_word' id='word_1_143' title='bbox 177 2453 332 2538; x_wconf 86' lang='lat' dir='ltr'>suscepit</span> <span class='ocrx_word' id='word_1_144' title='bbox 353 2452 449 2531; x_wconf 88' lang='lat' dir='ltr'>filios,</span> <span class='ocrx_word' id='word_1_145' title='bbox 474 2451 665 2517; x_wconf 82' lang='lat' dir='ltr'>Alcibiadem</span> <span class='ocrx_word' id='word_1_146' title='bbox 687 2453 839 2517; x_wconf 90' lang='lat' dir='ltr'>iuniorem</span> <span class='ocrx_word' id='word_1_147' title='bbox 863 2460 893 2517; x_wconf 89' lang='lat' dir='ltr'>et</span> <span class='ocrx_word' id='word_1_148' title='bbox 916 2452 1144 2540; x_wconf 87' lang='lat' dir='ltr'>Hipponicum,</span> <span class='ocrx_word' id='word_1_149' title='bbox 1169 2453 1217 2518; x_wconf 89' lang='lat' dir='ltr'>avi</span> <span class='ocrx_word' id='word_1_150' title='bbox 1228 2474 1281 2518; x_wconf 93' lang='lat' dir='ltr'>no-</span> 
     </span>
     <span class='ocr_line' id='line_1_19' title="bbox 174 2561 1282 2632; baseline -0.002 -1"><span class='ocrx_word' id='word_1_151' title='bbox 174 2566 277 2632; x_wconf 83' lang='lat' dir='ltr'>mine</span> <span class='ocrx_word' id='word_1_152' title='bbox 310 2563 435 2628; x_wconf 89' lang='lat' dir='ltr'>dictum.</span> <span class='ocrx_word' id='word_1_153' title='bbox 482 2561 588 2626; x_wconf 68' lang='lat' dir='ltr'>Frater</span> <span class='ocrx_word' id='word_1_154' title='bbox 621 2584 690 2627; x_wconf 91' lang='lat' dir='ltr'>cum</span> <span class='ocrx_word' id='word_1_155' title='bbox 721 2562 824 2626; x_wconf 86' lang='lat' dir='ltr'>fratris</span> <span class='ocrx_word' id='word_1_156' title='bbox 850 2585 941 2628; x_wconf 86' lang='lat' dir='ltr'>uxore</span> <span class='ocrx_word' id='word_1_157' title='bbox 962 2564 1053 2628; x_wconf 87' lang='lat' dir='ltr'>nimis</span> <span class='ocrx_word' id='word_1_158' title='bbox 1077 2571 1190 2630; x_wconf 87' lang='lat' dir='ltr'>arctam</span> <span class='ocrx_word' id='word_1_159' title='bbox 1213 2587 1282 2629; x_wconf 93' lang='lat' dir='ltr'>con-</span> 
     </span>
     <span class='ocr_line' id='line_1_20' title="bbox 178 2673 1281 2760; baseline -0.004 -16"><span class='ocrx_word' id='word_1_160' title='bbox 178 2675 339 2744; x_wconf 79' lang='lat' dir='ltr'>trahebat</span> <span class='ocrx_word' id='word_1_161' title='bbox 368 2674 614 2740; x_wconf 86' lang='lat' dir='ltr'>familiaritatem.</span> <span class='ocrx_word' id='word_1_162' title='bbox 660 2673 756 2740; x_wconf 91' lang='lat' dir='ltr'>Porro</span> <span class='ocrx_word' id='word_1_163' title='bbox 783 2696 838 2760; x_wconf 90' lang='lat' dir='ltr'>pro</span> <span class='ocrx_word' id='word_1_164' title='bbox 861 2677 898 2748; x_wconf 75' lang='grc' dir='ltr'>ὥς</span> <span class='ocrx_word' id='word_1_165' title='bbox 921 2678 971 2741; x_wconf 83' lang='grc' dir='ltr'>οὐκ</span> <span class='ocrx_word' id='word_1_166' title='bbox 994 2677 1188 2742; x_wconf 89' lang='lat' dir='ltr'>scribendum</span> <span class='ocrx_word' id='word_1_167' title='bbox 1210 2697 1281 2741; x_wconf 90' lang='lat' dir='ltr'>cum</span> 
     </span>
     <span class='ocr_line' id='line_1_21' title="bbox 179 2785 1280 2872; baseline -0.003 -19"><span class='ocrx_word' id='word_1_168' title='bbox 179 2790 227 2854; x_wconf 79' lang='lat' dir='ltr'>G.</span> <span class='ocrx_word' id='word_1_169' title='bbox 265 2787 307 2851; x_wconf 88' lang='lat' dir='ltr'>A.</span> <span class='ocrx_word' id='word_1_170' title='bbox 335 2786 511 2872; x_wconf 85' lang='lat' dir='ltr'>Hirschigio</span> <span class='ocrx_word' id='word_1_171' title='bbox 539 2785 628 2850; x_wconf 91' lang='lat' dir='ltr'>Misc.</span> <span class='ocrx_word' id='word_1_172' title='bbox 652 2785 766 2850; x_wconf 91' lang='lat' dir='ltr'>Philol.</span> <span class='ocrx_word' id='word_1_173' title='bbox 790 2785 835 2851; x_wconf 92' lang='grc' dir='ltr'>ΙΙ.</span> <span class='ocrx_word' id='word_1_174' title='bbox 860 2809 890 2871; x_wconf 89' lang='lat' dir='ltr'>p.</span> <span class='ocrx_word' id='word_1_175' title='bbox 917 2789 979 2850; x_wconf 84' lang='lat'>135</span> <span class='ocrx_word' id='word_1_176' title='bbox 1004 2790 1061 2868; x_wconf 78' lang='grc' dir='ltr'>οὐχ</span> <span class='ocrx_word' id='word_1_177' title='bbox 1082 2790 1129 2861; x_wconf 78' lang='grc' dir='ltr'>ὥς.</span> <span class='ocrx_word' id='word_1_178' title='bbox 1175 2786 1280 2864; x_wconf 91' lang='lat' dir='ltr'>Idem,</span> 
     </span>
     <span class='ocr_line' id='line_1_22' title="bbox 179 2890 1281 2982; baseline -0.004 -18"><span class='ocrx_word' id='word_1_179' title='bbox 179 2901 290 2974; x_wconf 78' lang='grc' dir='ltr'><em>αὐτῆς</em></span> <span class='ocrx_word' id='word_1_180' title='bbox 312 2899 464 2976; x_wconf 89' lang='lat' dir='ltr'>retinens,</span> <span class='ocrx_word' id='word_1_181' title='bbox 487 2897 593 2972; x_wconf 75' lang='grc' dir='ltr'><strong><em>ἐκείνης</em></strong></span> <span class='ocrx_word' id='word_1_182' title='bbox 617 2896 709 2961; x_wconf 87' lang='lat' dir='ltr'>delet.</span> <span class='ocrx_word' id='word_1_183' title='bbox 756 2896 807 2961; x_wconf 87' lang='lat' dir='ltr'>Ita</span> <span class='ocrx_word' id='word_1_184' title='bbox 826 2890 995 2982; x_wconf 83' lang='lat' dir='ltr'>Hipponici</span> <span class='ocrx_word' id='word_1_185' title='bbox 1009 2920 1087 2962; x_wconf 85' lang='lat' dir='ltr'>uxor</span> <span class='ocrx_word' id='word_1_186' title='bbox 1102 2905 1181 2962; x_wconf 88' lang='lat' dir='ltr'>esset</span> <span class='ocrx_word' id='word_1_187' title='bbox 1196 2918 1281 2961; x_wconf 90' lang='lat' dir='ltr'>soror</span> 
     </span>
     <span class='ocr_line' id='line_1_23' title="bbox 179 3007 1279 3094; baseline -0.002 -18"><span class='ocrx_word' id='word_1_188' title='bbox 179 3007 366 3076; x_wconf 79' lang='lat' dir='ltr'>Alcibiadis</span> <span class='ocrx_word' id='word_1_189' title='bbox 397 3009 526 3074; x_wconf 90' lang='lat' dir='ltr'>iunioris</span> <span class='ocrx_word' id='word_1_190' title='bbox 557 3016 588 3073; x_wconf 86' lang='lat' dir='ltr'>st</span> <span class='ocrx_word' id='word_1_191' title='bbox 617 3009 750 3073; x_wconf 90' lang='lat' dir='ltr'>nominis</span> <span class='ocrx_word' id='word_1_192' title='bbox 782 3009 993 3073; x_wconf 89' lang='lat' dir='ltr'>convenientia</span> <span class='ocrx_word' id='word_1_193' title='bbox 1014 3009 1096 3073; x_wconf 88' lang='lat' dir='ltr'>inter</span> <span class='ocrx_word' id='word_1_194' title='bbox 1119 3011 1279 3094; x_wconf 83' lang='lat' dir='ltr'>coniugem</span> 
     </span>
     <span class='ocr_line' id='line_1_24' title="bbox 179 3119 1281 3206; baseline -0.002 -20"><span class='ocrx_word' id='word_1_195' title='bbox 179 3121 290 3186; x_wconf 87' lang='lat' dir='ltr'>huius</span> <span class='ocrx_word' id='word_1_196' title='bbox 336 3127 366 3185; x_wconf 91' lang='lat' dir='ltr'>et</span> <span class='ocrx_word' id='word_1_197' title='bbox 388 3143 480 3185; x_wconf 87' lang='lat' dir='ltr'>avum</span> <span class='ocrx_word' id='word_1_198' title='bbox 503 3119 672 3184; x_wconf 87' lang='lat' dir='ltr'>Alcibiadis</span> <span class='ocrx_word' id='word_1_199' title='bbox 695 3120 821 3184; x_wconf 91' lang='lat' dir='ltr'>minoris</span> <span class='ocrx_word' id='word_1_200' title='bbox 843 3119 972 3184; x_wconf 84' lang='lat' dir='ltr'>fortuita</span> <span class='ocrx_word' id='word_1_201' title='bbox 994 3127 1081 3184; x_wconf 85' lang='lat' dir='ltr'>esset.</span> <span class='ocrx_word' id='word_1_202' title='bbox 1109 3120 1199 3184; x_wconf 87' lang='lat' dir='ltr'>Prius</span> <span class='ocrx_word' id='word_1_203' title='bbox 1214 3143 1281 3206; x_wconf 90' lang='lat' dir='ltr'>pro·</span> 
     </span>
     <span class='ocr_line' id='line_1_25' title="bbox 179 3229 1280 3310; baseline -0.003 -11"><span class='ocrx_word' id='word_1_204' title='bbox 179 3229 329 3299; x_wconf 88' lang='lat' dir='ltr'>habilius</span> <span class='ocrx_word' id='word_1_205' title='bbox 359 3231 487 3296; x_wconf 84' lang='lat' dir='ltr'>videtur.</span> <span class='ocrx_word' id='word_1_206' title='bbox 519 3267 564 3278; x_wconf 91' lang='lat'><em>-</em></span> <span class='ocrx_word' id='word_1_207' title='bbox 595 3229 734 3296; x_wconf 82' lang='lat' dir='ltr'>Scationa</span> <span class='ocrx_word' id='word_1_208' title='bbox 767 3233 807 3293; x_wconf 76' lang='lat'>29</span> <span class='ocrx_word' id='word_1_209' title='bbox 848 3231 927 3294; x_wconf 85' lang='lat' dir='ltr'>inter</span> <span class='ocrx_word' id='word_1_210' title='bbox 956 3230 1120 3310; x_wconf 80' lang='grc' dir='ltr'><em>μεταμέλει</em></span> <span class='ocrx_word' id='word_1_211' title='bbox 1150 3238 1181 3296; x_wconf 88' lang='lat' dir='ltr'>et</span> <span class='ocrx_word' id='word_1_212' title='bbox 1214 3231 1280 3298; x_wconf 76' lang='grc' dir='ltr'>οὔτε</span> 
     </span>
     <span class='ocr_line' id='line_1_26' title="bbox 182 3341 568 3410; baseline -0.016 0"><span class='ocrx_word' id='word_1_213' title='bbox 182 3341 311 3410; x_wconf 83' lang='lat' dir='ltr'>excidit</span> <span class='ocrx_word' id='word_1_214' title='bbox 332 3341 460 3406; x_wconf 85' lang='lat' dir='ltr'>fortasse</span> <span class='ocrx_word' id='word_1_215' title='bbox 482 3341 568 3406; x_wconf 77' lang='grc' dir='ltr'><em>οὐδέν.</em></span> 
     </span>
    </p>

    <p class='ocr_par' dir='ltr' id='par_1_4' title="bbox 182 3449 1359 4410">
     <span class='ocr_line' id='line_1_27' title="bbox 237 3449 1282 3538; baseline 0.002 -22"><span class='ocrx_word' id='word_1_216' title='bbox 237 3455 257 3538; x_wconf 61' lang='lat' dir='ltr'>b</span> <span class='ocrx_word' id='word_1_217' title='bbox 281 3455 333 3516; x_wconf 85' lang='lat'>36.</span> <span class='ocrx_word' id='word_1_218' title='bbox 368 3457 398 3519; x_wconf 75' lang='grc' dir='ltr'>αὖ</span> <span class='ocrx_word' id='word_1_219' title='bbox 426 3453 485 3533; x_wconf 71' lang='grc' dir='ltr'>γαρ</span> <span class='ocrx_word' id='word_1_220' title='bbox 511 3452 616 3536; x_wconf 74' lang='grc' dir='ltr'>δήπου,</span> <span class='ocrx_word' id='word_1_221' title='bbox 641 3449 689 3518; x_wconf 75' lang='grc' dir='ltr'>ὅτε</span> <span class='ocrx_word' id='word_1_222' title='bbox 712 3452 766 3529; x_wconf 74' lang='grc' dir='ltr'>μὲν</span> <span class='ocrx_word' id='word_1_223' title='bbox 791 3453 919 3536; x_wconf 68' lang='grc' dir='ltr'>ἔφευγε,</span> <span class='ocrx_word' id='word_1_224' title='bbox 943 3453 991 3518; x_wconf 72' lang='lat' dir='ltr'>aa</span> <span class='ocrx_word' id='word_1_225' title='bbox 1013 3455 1064 3529; x_wconf 66' lang='lat' dir='ltr'>rba</span> <span class='ocrx_word' id='word_1_226' title='bbox 1085 3452 1206 3532; x_wconf 76' lang='grc' dir='ltr'>δύναμιν</span> <span class='ocrx_word' id='word_1_227' title='bbox 1227 3477 1282 3518; x_wconf 85' lang='grc' dir='ltr'>κα·</span> 
     </span>
     <span class='ocr_line' id='line_1_28' title="bbox 182 3559 1279 3641; baseline 0.001 -13"><span class='ocrx_word' id='word_1_228' title='bbox 182 3571 251 3638; x_wconf 78' lang='grc' dir='ltr'>κῶς</span> <span class='ocrx_word' id='word_1_229' title='bbox 281 3559 335 3636; x_wconf 79' lang='grc' dir='ltr'>οἷός</span> <span class='ocrx_word' id='word_1_230' title='bbox 364 3565 392 3629; x_wconf 58' lang='grc' dir='ltr'>ι’</span> <span class='ocrx_word' id='word_1_231' title='bbox 423 3561 456 3641; x_wconf 80' lang='grc' dir='ltr'>ἦν</span> <span class='ocrx_word' id='word_1_232' title='bbox 485 3571 573 3628; x_wconf 77' lang='grc' dir='ltr'>ποιεῖν</span> <span class='ocrx_word' id='word_1_233' title='bbox 606 3563 658 3637; x_wconf 65' lang='grc' dir='ltr'>τὴν</span> <span class='ocrx_word' id='word_1_234' title='bbox 689 3561 788 3640; x_wconf 73' lang='grc' dir='ltr'>πόλιν,</span> <span class='ocrx_word' id='word_1_235' title='bbox 817 3565 913 3639; x_wconf 66' lang='grc' dir='ltr'>ἐπειδὴ</span> <span class='ocrx_word' id='word_1_236' title='bbox 942 3565 966 3628; x_wconf 78' lang='grc' dir='ltr'>δ’</span> <span class='ocrx_word' id='word_1_237' title='bbox 985 3565 1063 3640; x_wconf 67' lang='grc' dir='ltr'>ὑμᾶς</span> <span class='ocrx_word' id='word_1_238' title='bbox 1086 3563 1279 3640; x_wconf 71' lang='grc' dir='ltr'><em>ἐξαπατήσας</em></span> 
     </span>
     <span class='ocr_line' id='line_1_29' title="bbox 184 3671 1281 3758; baseline -0.001 -16"><span class='ocrx_word' id='word_1_239' title='bbox 184 3677 326 3751; x_wconf 76' lang='grc' dir='ltr'>κατῆλθε</span> <span class='ocrx_word' id='word_1_240' title='bbox 355 3676 405 3740; x_wconf 77' lang='grc' dir='ltr'>καὶ</span> <span class='ocrx_word' id='word_1_241' title='bbox 429 3680 543 3740; x_wconf 74' lang='grc' dir='ltr'><em>πολλῶν</em></span> <span class='ocrx_word' id='word_1_242' title='bbox 567 3671 632 3757; x_wconf 70' lang='grc' dir='ltr'>ἦρξε</span> <span class='ocrx_word' id='word_1_243' title='bbox 654 3677 785 3758; x_wconf 66' lang='lat' dir='ltr'>viadrus,</span> <span class='ocrx_word' id='word_1_244' title='bbox 810 3675 876 3741; x_wconf 77' lang='grc' dir='ltr'>οὔτε</span> <span class='ocrx_word' id='word_1_245' title='bbox 898 3678 964 3748; x_wconf 76' lang='grc' dir='ltr'>τοὺς</span> <span class='ocrx_word' id='word_1_246' title='bbox 986 3677 1141 3754; x_wconf 79' lang='grc' dir='ltr'><em>πολεμίους</em></span> <span class='ocrx_word' id='word_1_247' title='bbox 1163 3677 1281 3741; x_wconf 79' lang='grc' dir='ltr'><em>ἐδύνατο</em></span> 
     </span>
     <span class='ocr_line' id='line_1_30' title="bbox 185 3786 1359 3882; baseline -0.003 -27"><span class='ocrx_word' id='word_1_248' title='bbox 185 3793 226 3855; x_wconf 86' lang='grc' dir='ltr'>ἐκ</span> <span class='ocrx_word' id='word_1_249' title='bbox 252 3794 304 3861; x_wconf 80' lang='grc' dir='ltr'>τῆς</span> <span class='ocrx_word' id='word_1_250' title='bbox 326 3787 425 3868; x_wconf 75' lang='grc' dir='ltr'><em>χώρας</em></span> <span class='ocrx_word' id='word_1_251' title='bbox 448 3787 605 3870; x_wconf 74' lang='grc' dir='ltr'><em>ἐκβαλεῖν,</em></span> <span class='ocrx_word' id='word_1_252' title='bbox 630 3786 709 3870; x_wconf 77' lang='grc' dir='ltr'><strong><em>οὔτε,</em></strong></span> <span class='ocrx_word' id='word_1_253' title='bbox 734 3811 762 3852; x_wconf 88' lang='grc' dir='ltr'>κ.</span> <span class='ocrx_word' id='word_1_254' title='bbox 786 3812 814 3852; x_wconf 81' lang='grc' dir='ltr'>τ.</span> <span class='ocrx_word' id='word_1_255' title='bbox 839 3789 862 3852; x_wconf 83' lang='grc' dir='ltr'>ἒ.</span> <span class='ocrx_word' id='word_1_256' title='bbox 897 3786 999 3851; x_wconf 85' lang='lat' dir='ltr'>Verba</span> <span class='ocrx_word' id='word_1_257' title='bbox 1021 3787 1068 3852; x_wconf 73' lang='lat' dir='ltr'>aa</span> <span class='ocrx_word' id='word_1_258' title='bbox 1091 3788 1142 3862; x_wconf 71' lang='grc' dir='ltr'>τὴν</span> <span class='ocrx_word' id='word_1_259' title='bbox 1161 3787 1281 3866; x_wconf 76' lang='grc' dir='ltr'>δύναμιν</span> <span class='ocrx_word' id='word_1_260' title='bbox 1353 3872 1359 3882; x_wconf 38' lang='grc'>.</span> 
     </span>
     <span class='ocr_line' id='line_1_31' title="bbox 187 3899 1281 3984; baseline -0.005 -17"><span class='ocrx_word' id='word_1_261' title='bbox 187 3900 238 3967; x_wconf 49' lang='lat' dir='ltr'>ad*</span> <span class='ocrx_word' id='word_1_262' title='bbox 267 3905 363 3964; x_wconf 85' lang='lat' dir='ltr'>totam</span> <span class='ocrx_word' id='word_1_263' title='bbox 394 3899 547 3984; x_wconf 88' lang='lat' dir='ltr'>pertinent</span> <span class='ocrx_word' id='word_1_264' title='bbox 577 3900 776 3964; x_wconf 86' lang='lat' dir='ltr'>sententiam:</span> <span class='ocrx_word' id='word_1_265' title='bbox 799 3921 885 3978; x_wconf 84' lang='lat' dir='ltr'>„non</span> <span class='ocrx_word' id='word_1_266' title='bbox 908 3901 989 3964; x_wconf 85' lang='lat' dir='ltr'>enim</span> <span class='ocrx_word' id='word_1_267' title='bbox 1010 3899 1125 3963; x_wconf 85' lang='lat' dir='ltr'>factum</span> <span class='ocrx_word' id='word_1_268' title='bbox 1148 3904 1194 3962; x_wconf 89' lang='lat' dir='ltr'>est</span> <span class='ocrx_word' id='word_1_269' title='bbox 1217 3899 1281 3963; x_wconf 87' lang='lat' dir='ltr'>cius</span> 
     </span>
     <span class='ocr_line' id='line_1_32' title="bbox 188 3989 1280 4096; baseline -0.002 -22"><span class='ocrx_word' id='word_1_270' title='bbox 188 4010 319 4096; x_wconf 87' lang='lat' dir='ltr'>„gratia</span> <span class='ocrx_word' id='word_1_271' title='bbox 349 4016 379 4074; x_wconf 88' lang='lat' dir='ltr'>et</span> <span class='ocrx_word' id='word_1_272' title='bbox 410 4010 538 4094; x_wconf 89' lang='lat' dir='ltr'>opibus,</span> <span class='ocrx_word' id='word_1_273' title='bbox 571 3989 607 4074; x_wconf 89' lang='lat' dir='ltr'>ut</span> <span class='ocrx_word' id='word_1_274' title='bbox 636 4016 720 4074; x_wconf 83' lang='lat' dir='ltr'>extra</span> <span class='ocrx_word' id='word_1_275' title='bbox 742 4009 849 4074; x_wconf 87' lang='lat' dir='ltr'>urbem</span> <span class='ocrx_word' id='word_1_276' title='bbox 873 4010 997 4096; x_wconf 89' lang='lat' dir='ltr'>quidem</span> <span class='ocrx_word' id='word_1_277' title='bbox 1021 4009 1138 4094; x_wconf 90' lang='lat' dir='ltr'>aliquid</span> <span class='ocrx_word' id='word_1_278' title='bbox 1161 4015 1280 4095; x_wconf 90' lang='lat' dir='ltr'>posset,</span> 
     </span>
     <span class='ocr_line' id='line_1_33' title="bbox 188 4122 1283 4208; baseline -0.002 -22"><span class='ocrx_word' id='word_1_279' title='bbox 188 4123 254 4205; x_wconf 88' lang='lat' dir='ltr'>„in</span> <span class='ocrx_word' id='word_1_280' title='bbox 281 4124 378 4207; x_wconf 86' lang='lat' dir='ltr'>patria</span> <span class='ocrx_word' id='word_1_281' title='bbox 401 4145 472 4187; x_wconf 88' lang='lat' dir='ltr'>vero</span> <span class='ocrx_word' id='word_1_282' title='bbox 496 4145 552 4186; x_wconf 88' lang='lat' dir='ltr'>sua</span> <span class='ocrx_word' id='word_1_283' title='bbox 566 4122 645 4187; x_wconf 92' lang='lat' dir='ltr'>nihil</span> <span class='ocrx_word' id='word_1_284' title='bbox 653 4123 684 4201; x_wconf 89' lang='lat'>,”</span> <span class='ocrx_word' id='word_1_285' title='bbox 700 4123 776 4188; x_wconf 88' lang='lat' dir='ltr'>sive:</span> <span class='ocrx_word' id='word_1_286' title='bbox 793 4145 856 4187; x_wconf 90' lang='lat' dir='ltr'>non</span> <span class='ocrx_word' id='word_1_287' title='bbox 872 4124 981 4208; x_wconf 90' lang='lat' dir='ltr'>probat</span> <span class='ocrx_word' id='word_1_288' title='bbox 996 4122 1054 4186; x_wconf 90' lang='lat' dir='ltr'>hoc</span> <span class='ocrx_word' id='word_1_289' title='bbox 1071 4123 1136 4188; x_wconf 87' lang='lat' dir='ltr'>eius</span> <span class='ocrx_word' id='word_1_290' title='bbox 1151 4127 1283 4207; x_wconf 89' lang='lat' dir='ltr'>potesta·</span> 
     </span>
     <span class='ocr_line' id='line_1_34' title="bbox 190 4231 1283 4326; baseline -0.003 -27"><span class='ocrx_word' id='word_1_291' title='bbox 190 4243 261 4299; x_wconf 83' lang='lat' dir='ltr'>tem</span> <span class='ocrx_word' id='word_1_292' title='bbox 285 4232 382 4318; x_wconf 90' lang='lat' dir='ltr'>quod,</span> <span class='ocrx_word' id='word_1_293' title='bbox 408 4255 504 4326; x_wconf 77' lang='lat' dir='ltr'>quum</span> <span class='ocrx_word' id='word_1_294' title='bbox 528 4233 614 4297; x_wconf 83' lang='lat' dir='ltr'>exsul</span> <span class='ocrx_word' id='word_1_295' title='bbox 638 4232 753 4317; x_wconf 86' lang='lat' dir='ltr'>aliquid</span> <span class='ocrx_word' id='word_1_296' title='bbox 776 4233 943 4319; x_wconf 88' lang='lat' dir='ltr'>potuisset,</span> <span class='ocrx_word' id='word_1_297' title='bbox 967 4233 1001 4297; x_wconf 92' lang='lat' dir='ltr'>in</span> <span class='ocrx_word' id='word_1_298' title='bbox 1016 4231 1146 4318; x_wconf 85' lang='lat' dir='ltr'>patriam</span> <span class='ocrx_word' id='word_1_299' title='bbox 1160 4232 1283 4296; x_wconf 89' lang='lat' dir='ltr'>restitu-</span> 
     </span>
     <span class='ocr_line' id='line_1_35' title="bbox 191 4342 1282 4410; baseline -0.004 0"><span class='ocrx_word' id='word_1_300' title='bbox 191 4353 249 4410; x_wconf 88' lang='lat' dir='ltr'>tus</span> <span class='ocrx_word' id='word_1_301' title='bbox 272 4344 351 4408; x_wconf 90' lang='lat' dir='ltr'>nihil</span> <span class='ocrx_word' id='word_1_302' title='bbox 373 4345 478 4409; x_wconf 87' lang='lat' dir='ltr'>valuit.</span> <span class='ocrx_word' id='word_1_303' title='bbox 515 4342 669 4408; x_wconf 88' lang='lat' dir='ltr'>Notabilis</span> <span class='ocrx_word' id='word_1_304' title='bbox 693 4351 739 4408; x_wconf 88' lang='lat' dir='ltr'>est</span> <span class='ocrx_word' id='word_1_305' title='bbox 762 4344 815 4408; x_wconf 88' lang='lat' dir='ltr'>illa</span> <span class='ocrx_word' id='word_1_306' title='bbox 837 4344 997 4409; x_wconf 90' lang='lat' dir='ltr'>verborum</span> <span class='ocrx_word' id='word_1_307' title='bbox 1020 4343 1189 4408; x_wconf 91' lang='lat' dir='ltr'>collocatio.</span> <span class='ocrx_word' id='word_1_308' title='bbox 1213 4342 1282 4406; x_wconf 91' lang='lat' dir='ltr'>Usi·</span> 
     </span>
    </p>
   </div>
   <div class='ocr_carea' id='block_1_3' title="bbox 194 4453 1212 4544">
    <p class='ocr_par' dir='ltr' id='par_1_5' title="bbox 194 4453 1212 4544">
     <span class='ocr_line' id='line_1_36' title="bbox 194 4453 1212 4544; baseline -0.004 -22"><span class='ocrx_word' id='word_1_309' title='bbox 194 4463 264 4522; x_wconf 86' lang='lat' dir='ltr'>tata</span> <span class='ocrx_word' id='word_1_310' title='bbox 286 4462 365 4521; x_wconf 88' lang='lat' dir='ltr'>esset</span> <span class='ocrx_word' id='word_1_311' title='bbox 388 4460 418 4523; x_wconf 80' lang='grc' dir='ltr'>αὖ</span> <span class='ocrx_word' id='word_1_312' title='bbox 441 4456 500 4536; x_wconf 66' lang='grc' dir='ltr'>γὰρ</span> <span class='ocrx_word' id='word_1_313' title='bbox 522 4455 611 4544; x_wconf 64' lang='lat' dir='ltr'>linos</span> <span class='ocrx_word' id='word_1_314' title='bbox 635 4455 681 4520; x_wconf 74' lang='lat' dir='ltr'>aa</span> <span class='ocrx_word' id='word_1_315' title='bbox 703 4457 755 4528; x_wconf 71' lang='lat' dir='ltr'>ala</span> <span class='ocrx_word' id='word_1_316' title='bbox 779 4455 899 4534; x_wconf 78' lang='grc' dir='ltr'>δύναμιν</span> <span class='ocrx_word' id='word_1_317' title='bbox 920 4453 968 4522; x_wconf 70' lang='grc' dir='ltr'>ὅτε</span> <span class='ocrx_word' id='word_1_318' title='bbox 992 4456 1060 4534; x_wconf 75' lang='grc' dir='ltr'>μὲν,</span> <span class='ocrx_word' id='word_1_319' title='bbox 1085 4479 1112 4519; x_wconf 85' lang='grc' dir='ltr'>κ.</span> <span class='ocrx_word' id='word_1_320' title='bbox 1137 4479 1164 4519; x_wconf 81' lang='lat' dir='ltr'>r.</span> <span class='ocrx_word' id='word_1_321' title='bbox 1190 4456 1212 4518; x_wconf 82' lang='grc' dir='ltr'>ἑ.</span> 
     </span>
    </p>
   </div>
   <div class='ocr_carea' id='block_1_4' title="bbox 0 0 1550 5210">
    <p class='ocr_par' dir='ltr' id='par_1_6' title="bbox 0 0 1550 5210">
     <span class='ocr_line' id='line_1_37' title="bbox 0 0 1550 5210; baseline 0 0"><span class='ocrx_word' id='word_1_322' title='bbox 0 0 1550 5210; x_wconf 95' lang='lat' dir='ltr'> </span> 
     </span>
    </p>
   </div>
  </div>
 </body>
</html>
