3126 5210
843 447 907 508 224

327 640 458 722 Φαντίας
483 641 552 704 ooll.
582 645 609 706 l.
637 645 677 705 12
700 641 748 708 ἵνα
765 645 802 709 ου’
825 667 882 721 γε,
906 644 980 724 ἔφη,
1005 651 1105 728 πειρᾷς
1128 645 1253 708 ἐνταῦθα
1277 645 1330 717 τίον
1352 667 1426 707 παι-

327 750 441 826 δίσκους
465 752 482 833 h
507 754 523 815 7
548 748 629 824 οὗτος
648 752 780 817 relatum
797 754 835 817 ad
851 754 1025 818 subiectum
1042 755 1126 819 verbi
1141 754 1292 838 regentis,
1312 753 1367 816 ubi
1385 753 1426 816 de

328 882 381 924 reo
413 861 515 945 agitur
550 863 689 938 ἡγοῦνται
718 901 763 912 -
794 866 872 942 ὑμᾶς
895 903 941 914 -
964 865 1093 946 ἡσυχίαν
1117 865 1184 945 πρὸς
1207 863 1324 934 τούτους
1350 861 1429 938 ἕξειν

327 970 365 1033 cf.
398 968 437 1032 ad
470 972 522 1032 25.
556 972 615 1048 23,
649 995 678 1056 p.
715 975 787 1036 182.
835 972 919 1038 Haeo
948 974 1044 1059 igitur
1066 973 1157 1058 plane
1181 973 1310 1057 Lysiaea
1333 979 1426 1036 sunt.

326 1078 496 1163 Dispositio
531 1079 697 1146 admodum
732 1083 860 1168 simplex
867 1110 877 1162 3
914 1092 945 1147 et
979 1084 1104 1148 omnino
1139 1092 1202 1148 tam
1237 1083 1339 1148 brevis
1377 1090 1427 1146 est

326 1189 436 1266 oratio,
462 1196 498 1252 ut
526 1191 713 1254 accusationi
737 1191 876 1256 sufficere
900 1215 963 1257 non
986 1194 1131 1277 potuerit.
1179 1193 1345 1276 Inscriptio
1371 1192 1428 1256 do-

326 1306 374 1362 cet
409 1298 563 1386 epilogum
600 1323 681 1380 esse3
717 1309 851 1366 ceterum
884 1310 949 1366 tam
980 1303 1184 1387 fragmentum
1216 1325 1281 1366 esse
1317 1311 1427 1386 potest

326 1409 473 1494 longioris
497 1412 657 1490 orationis,
682 1435 773 1496 quam
798 1412 909 1478 ultima
937 1435 973 1476 ex
995 1411 1136 1496 pluribus
1151 1413 1185 1476 in
1202 1410 1307 1476 eadem
1326 1433 1425 1476 causa

327 1543 344 1584 a
375 1520 517 1606 pluribus
541 1523 770 1587 accusatoribus
794 1523 916 1588 habitis.

370 1631 439 1716 hd.
487 1628 567 1709 οἶμαι
600 1633 624 1696 δ’
646 1632 744 1710 ἔγωγε
775 1635 891 1705 πάντας
924 1632 974 1716 (θον
1005 1632 1089 1717 add.)
1117 1635 1196 1710 ὑμᾶς
1220 1633 1405 1711 θροολονῆσαι
1416 1683 1426 1715 ,

326 1743 350 1806 εἱ
382 1742 449 1819 ὑμῖν
482 1742 689 1819 ἐπηγγέλλετο
723 1745 841 1824 τριήρεις
870 1743 947 1824 ἔχων
976 1745 1188 1810 ἐκπλεύσεσθαι
1220 1743 1269 1808 καί
1302 1744 1425 1816 ταύτας
1532 1831 1533 1834 ¹

327 1852 463 1922 παλαιάς
492 1852 557 1916 άντί
588 1859 690 1918 καινῶν
721 1853 901 1934 παραδώσειν
925 1891 970 1904 -
993 1853 1078 1918 οὐδέν’
1102 1853 1138 1918 ἐν
1164 1854 1242 1931 ὑμῶν
1264 1854 1425 1931 ἐπιτρέψαι

326 1964 382 2035 τοὶς
415 1968 485 2032 ναῦς
516 1961 618 2026 ἐκεῖνον
650 1964 747 2044 ἔχοντ’
774 1964 945 2028 ἐκπλεῦσαι.
993 1962 1151 2027 Sententia
1173 1969 1236 2026 est:
1262 1962 1289 2025 si
1311 1968 1424 2040 antea,

327 2093 388 2157 quo
420 2076 555 2154 tempore
583 2070 654 2134 hinc
680 2072 745 2136 vela
768 2071 862 2136 dabat
884 2073 1115 2157 Thrasybulus,
1139 2078 1314 2148 novissetis,
1339 2093 1425 2154 quae

327 2181 548 2247 commissurus
572 2188 669 2259 esset,
694 2182 830 2265 profecto
853 2183 1017 2268 imperium
1040 2183 1068 2246 ei
1091 2205 1153 2246 non
1176 2181 1424 2246 mandavissetis

328 2291 388 2355 Sed
418 2290 466 2354 his
500 2312 563 2354 non
594 2290 759 2375 respondet
787 2293 1011 2368 ἐπυνγέλλετοε
1046 2299 1078 2357 ei
1102 2298 1203 2373 (auae)
1221 2297 1425 2377 promitteret.

326 2400 545 2466 Scribendum:
584 2401 766 2477 ἐπάνγελτο.
813 2400 863 2464 Sic
899 2400 1034 2465 Oobctus
1072 2424 1212 2487 quoque,
1251 2400 1334 2486 quod
1372 2402 1424 2464 his

327 2513 451 2597 scriptis
475 2510 687 2577 animadverti.

371 2625 388 2707 h
413 2625 441 2688 7.
488 2619 561 2684 Non
584 2621 677 2684 mirer·
699 2621 727 2684 si
749 2620 923 2686 subiectum
947 2622 1094 2686 exciderit
1114 2623 1146 2687 in
1168 2622 1216 2686 his
1237 2621 1336 2686 verbis
1351 2619 1422 2698 άμα

326 2733 387 2813 γάρ
411 2738 568 2797 πλουτοῦσι
591 2734 641 2796 καί
666 2733 744 2810 ὑμᾶς
767 2737 901 2808 μισοῦσι,
925 2753 1035 2816 nempe
1057 2729 1132 2796 οὗτοι
1160 2739 1230 2817 post
1252 2737 1421 2797 πλουτοῦσι.
1444 2755 1448 2760 ·

329 2842 412 2906 Nam
434 2841 645 2927 Thrasybulus
669 2848 700 2905 et
722 2841 867 2925 Ergoolcs
891 2863 952 2906 non
976 2842 1217 2928 intelleguntur,
1248 2864 1344 2925 quum
1368 2841 1423 2906 ille

332 2955 393 3018 iam
430 2961 571 3016 mortuus
603 2958 691 3016 esset.
738 2951 903 3036 Ergocles,
927 2953 981 3035 qui
1004 2974 1088 3017 nune
1111 2959 1291 3030 accusatur,
1315 2951 1425 3014 etalii

333 3065 444 3141 duces,
468 3062 653 3148 Thrasybuli
676 3085 775 3146 nuper
798 3063 874 3126 socii
897 3063 947 3147 (ei.
974 3065 1004 3147 5)
1028 3063 1107 3126 infra
1129 3065 1146 3148 h
1169 3066 1208 3125 10
1231 3083 1353 3146 quoque
1370 3082 1425 3145 per

310 3169 407 3240 οὗτοι
431 3174 651 3258 significantur.

376 3287 447 3369 hd.
483 3283 585 3347 Verba
614 3282 664 3346 καί
692 3282 817 3354 πολλοὺς
843 3282 997 3357 Ἀθηναίων
1019 3283 1145 3376 ἀργυρίῳ
1168 3282 1338 3364 διαφθείρειν
1361 3281 1428 3345 lan-

333 3394 428 3480 guida
459 3399 532 3457 sunt
562 3398 633 3476 post
659 3391 713 3454 illa
743 3393 792 3471 ἐρῶ
816 3391 840 3454 δ’
863 3391 969 3464 αὐτούς
991 3429 1037 3440 -
1059 3393 1227 3468 ὠνουμένους
1249 3391 1306 3464 τοὶς
1329 3392 1426 3455 αὑτῶν

331 3506 440 3585 ψυχάς
468 3503 518 3566 καί
547 3504 629 3581 παρά
659 3506 715 3566 τῶν
745 3501 890 3578 λεγόντοιν
922 3502 972 3566 καί
1002 3503 1085 3582 παρά
1107 3508 1162 3566 τῶν
1185 3503 1291 3581 ἐχθρῶν
1313 3502 1426 3584 (άρχῶν

332 3613 441 3696 Dobr.)
465 3611 513 3677 καί
538 3613 621 3693 παροδ
643 3617 699 3676 τῶν
722 3612 895 3692 πρυτανέοιν.
943 3611 1082 3696 Speciem
1109 3611 1224 3674 habent
1247 3611 1425 3695 iuterpreta-

332 3725 469 3789 tationis.
516 3723 618 3788 Etiam
642 3722 812 3788 infinitivus
836 3729 906 3806 post
928 3724 978 3801 θριῖ·
1001 3744 1064 3786 non
1088 3729 1169 3786 recte
1193 3720 1350 3784 sehabet.

377 3837 394 3920 h
419 3837 470 3897 10.
517 3833 574 3898 νυνί
601 3833 661 3912 γάρ
684 3841 743 3906 τοῖς
768 3833 890 3913 άρχουσι
914 3839 974 3904 τοῖς
998 3833 1142 3913 ὑμετέροις
1165 3829 1322 3906 ἐπιδείξετε
1340 3829 1426 3894 πάτε-

331 3967 375 4024 ρον
398 3945 458 4023 χρὴ
486 3943 602 4014 δικαίοις
624 3940 716 4018 εἶναι,
741 3943 757 4018 ἢ
780 3945 817 4014 ὥς
841 3952 973 4008 πλεῖστα
993 3948 1049 4006 τῶν
1073 3941 1216 4022 ὑμετέρων
1240 3941 1428 4023 ὑφελομένοις

332 4058 373 4136 τῷ
398 4056 478 4135 αὐτῷ
501 4053 595 4134 τρόπῳ
622 4054 674 4127 τέιν
698 4054 838 4136 σιοτκρίοιν
861 4052 1153 4135 παρασκευάζεσθαι,
1176 4046 1252 4133 ᾧπερ
1274 4047 1350 4114 οὗτοι
1369 4052 1427 4115 νυνί
1492 4077 1496 4081 ·

333 4169 495 4245 πειρῶνται.
543 4163 688 4228 Soloecus
713 4171 759 4227 est
782 4164 903 4227 dativus
926 4171 997 4248 post
1018 4165 1087 4244 χρή.
1134 4162 1295 4226 Praeterea
1313 4163 1372 4242 κθθ
1388 4163 1426 4226 ad

334 4276 464 4340 alterum
487 4275 658 4338 membrum
682 4297 743 4337 non
768 4283 872 4358 aptum
896 4282 958 4352 est;
975 4296 1144 4357 numquam
1161 4273 1241 4338 enim
1258 4277 1340 4367 decet
1355 4273 1426 4354 ὑφε-

332 4385 451 4463 λίμενον
482 4387 534 4458 τὴν
564 4383 705 4464 σωτηρίαν
735 4382 1018 4464 παρασκευάζεσθαι.
1072 4383 1252 4447 Omittenda
1283 4382 1425 4446 videntur
