3126 5210
689 445 750 506 loa

163 643 322 707 horrenda
350 642 462 727 probra
493 643 641 708 coniicere
663 643 697 708 in
720 641 852 726 aliquem
862 667 871 719 3
896 641 1027 721 Φοβερῶς
1051 642 1090 704 θν.
1114 659 1177 703 non
1201 659 1266 702 esse

162 775 311 838 graecum
334 752 473 831 videtur,
498 753 557 818 nisi
580 753 801 838 significatione
825 752 862 817 ab
886 752 944 816 hoc
967 750 1035 814 loco
1058 750 1167 814 aliena.
1201 747 1269 832 Igi-

165 869 221 926 tur
244 861 380 942 φοβεροῖς
403 861 523 938 θνθμαοι
548 884 653 927 verum
676 869 753 947 puto
775 863 878 948 (qnasi
901 883 955 946 per
980 859 1103 924 horrida
1121 857 1268 922 vocabula

166 994 240 1036 vera
260 972 301 1035 sit
318 969 469 1055 dicturus)
477 997 486 1049 ς
503 971 622 1056 reliqua
637 994 700 1036 non
716 979 854 1057 praesto,
872 969 925 1035 sed
942 971 986 1035 sic
1003 970 1064 1054 legi
1080 975 1266 1054 potuerunt:

165 1080 290 1162 ὡσπερεὶ
325 1081 461 1162 Φοβεροῑς
489 1083 609 1160 ὀνόμασι
641 1081 758 1160 μέλλων
788 1083 881 1158 ἀληθῆ
903 1083 1016 1164 λέγειν,
1049 1079 1120 1146 ἀλλ’
1151 1082 1209 1160 οὐχ
1231 1075 1267 1142 ἀν

166 1192 249 1256 πάνυ
279 1189 405 1272 πραθνωο
436 1191 508 1268 μηδὲ
533 1192 643 1270 ψευδῆ,
668 1196 769 1258 ταῦτα
793 1191 908 1256 neiron.
955 1188 1028 1255 Non
1051 1189 1148 1254 multo
1171 1189 1268 1254 maior

168 1308 252 1364 essct
276 1301 406 1364 mutatio
430 1305 547 1376 μᾶλλον
569 1304 664 1377 ἀληθῆ
688 1303 802 1380 λέγων,
827 1302 881 1367 sed
904 1303 1005 1380 μέλλω
1028 1308 1109 1366 recte
1130 1299 1270 1365 sehabet

167 1409 275 1493 (quasi
298 1417 518 1475 consecuturus
542 1412 599 1489 sit,
624 1419 661 1476 ut
684 1435 756 1476 vera
779 1413 877 1489 dicat,
903 1434 971 1476 vera
995 1410 1094 1475 dicere
1114 1409 1268 1494 videatur)

169 1528 203 1582 et
227 1519 326 1584 futuri
350 1521 496 1605 temporis
521 1521 704 1606 significatio
726 1543 814 1607 aegre
839 1521 1072 1586 desideraretur.
1108 1518 1154 1582 Ex
1177 1519 1269 1598 ψεοδη

167 1651 272 1692 ταντα
289 1628 404 1693 factum
425 1638 472 1693 est
491 1630 635 1710 ψευδηται
652 1655 753 1696 ταντα
770 1630 890 1696 duabus
906 1631 1018 1696 litteris
1030 1630 1109 1694 male
1121 1629 1268 1714 repetitis.

169 1739 260 1819 Λέμη
298 1739 483 1823 cogitatione
520 1763 556 1804 ex
586 1740 794 1825 superioribus
827 1743 932 1823 (ἀληθῆ
963 1741 1069 1824 λέγων)
1098 1739 1268 1825 suppletur.

169 1849 305 1930 Ποαθνωε
337 1849 410 1926 μηδὲ
433 1851 526 1929 ψευδῆ
551 1858 587 1915 ut
609 1856 706 1924 καλῶς
731 1852 779 1916 καὶ
807 1853 917 1930 ἀληθῆ,
941 1858 1027 1933 σαφῆ
1050 1851 1099 1915 καὶ
1123 1848 1267 1928 ἀκριβῶς,

169 1958 282 2023 Stallb.
297 1958 335 2022 ad
351 1959 431 2024 Plat.
449 1960 563 2026 Phaed.
587 1963 638 2026 79.
660 1961 698 2025 D.
731 1963 844 2028 Πεθσειν
864 1970 894 2027 et
913 1963 1038 2037 ποιῆοειν
1059 1960 1133 2025 alibi
1149 1981 1270 2044 quoque

169 2068 301 2132 confusa
323 2069 400 2134 mihi
424 2071 555 2155 reperire
578 2072 661 2136 visus
686 2095 763 2136 aum.
789 2071 834 2136 cf.
860 2073 899 2136 ad
927 2075 975 2136 13.
1004 2075 1033 2134 9.
1078 2071 1125 2134 De
1151 2069 1272 2149 ῶσπερεθ

170 2202 244 2242 cum
272 2179 433 2264 participio
461 2181 498 2244 cf.
527 2182 553 2244 si
580 2183 659 2246 tanti
683 2182 761 2247 Plat.
792 2183 875 2248 Prot.
906 2185 981 2246 328.
1008 2181 1052 2259 D,
1078 2188 1110 2246 et
1131 2181 1169 2243 al.

219 2288 259 2351 Iu
283 2289 343 2352 fine
367 2289 513 2354 orationis
538 2293 775 2376 transpositione
798 2301 828 2357 et
851 2292 1087 2376 interpolatione
1104 2290 1194 2376 plura
1209 2311 1274 2354 cor·

170 2405 267 2482 rupta
296 2397 451 2462 videntur.
498 2402 514 2484 t
539 2402 579 2462 21
610 2401 736 2486 legerim
767 2405 789 2466 :l
813 2402 872 2480 νάρ
896 2402 959 2482 περὶ
983 2408 1038 2466 τῶν
1061 2402 1211 2478 μεγίστων
1235 2399 1273 2464 εἴ·

171 2530 265 2589 ρηκα,
294 2507 324 2571 ον’
347 2507 392 2570 δεῖ
412 2507 474 2588 περὶ
499 2514 555 2573 τῶν
576 2510 701 2590 Φαθλων
724 2511 824 2588 ὁμοίως
847 2511 939 2590 τούτῳ
961 2510 1131 2592 οπονδάζειν
1155 2511 1271 2595 (τούτῳ,

173 2617 358 2700 accusatori)
390 2639 445 2700 pro
477 2617 539 2698 περὶ
564 2624 620 2683 τῶν
645 2621 745 2698 ὁμοίως
768 2621 859 2701 τούτῳ
883 2622 1007 2703 φαύλων
1014 2648 1023 2698 3
1049 2644 1119 2686 nam
1143 2623 1273 2686 obseura
1313 2607 1318 2615 ¹

174 2728 253 2791 haec
285 2747 349 2790 esse
380 2726 424 2789 ita
455 2728 572 2812 posita,
606 2729 678 2792 satia
704 2729 793 2794 docet
815 2731 1016 2814 interpretum
1041 2731 1091 2814 (of.
1116 2731 1219 2796 Reisk.
1245 2738 1276 2795 et

176 2837 378 2921 Rauohenst.)
410 2836 575 2916 dissensio,
609 2861 740 2923 quorum
770 2861 861 2904 nemo
894 2839 1084 2924 probabilem
1113 2841 1197 2906 dedit
1228 2864 1276 2906 ex·

177 2948 385 3032 plicationem.
432 2949 450 3032 d
478 2951 519 3010 22
544 2950 670 3028 civitas,
695 2950 813 3035 inquit,
838 2951 927 3016 nobis
951 2953 1029 3017 hano
1055 2953 1166 3038 stipem
1190 2952 1276 3017 dedit

178 3059 325 3136 ἡγουμένη
354 3058 448 3129 κοινάς
478 3056 550 3123 εἶναι
588 3062 644 3130 κάς
678 3059 779 3140 τύχας
810 3068 871 3133 τοῖς
894 3059 990 3126 ἅπασι
1016 3061 1079 3144 [καὶ
1104 3067 1159 3125 τῶν
1182 3067 1277 3126 κακῶν

178 3169 229 3233 καὶ
242 3175 305 3250 ,τῶν
328 3171 481 3254 cyanum,
505 3179 572 3234 rata
596 3193 788 3236 communem
813 3194 878 3236 esse
894 3172 1036 3237 omnihus
1053 3171 1275 3262 calamitatem,

179 3282 200 3342 i.
225 3301 251 3344 e.
276 3280 389 3343 civium
413 3281 603 3364 singulorum
621 3281 762 3346 adversae
777 3283 936 3359 fortunae,
953 3290 1099 3366 tanquam
1116 3282 1273 3368 publicae,

180 3389 425 3454 subveniendum
459 3413 531 3455 esse.
575 3391 678 3456 Verba
712 3400 818 3457 notata
852 3395 980 3459 turbant
1008 3394 1208 3471 sententiam,
1245 3401 1275 3456 et

180 3501 348 3566 insolenter
382 3501 431 3565 dic
446 3510 499 3566 um
535 3509 580 3566 est
614 3505 645 3567 αἱ
676 3504 769 3583 τύχαι
807 3510 863 3570 τῶν
896 3511 991 3570 κακῶν
1015 3503 1148 3588 (Reisk.:
1173 3526 1275 3568 rerum

184 3613 376 3677 adversarum
409 3617 526 3698 sortes).
580 3617 598 3698 p
629 3617 671 3677 24
700 3614 773 3678 ἀλλ’
801 3617 833 3680 οὐ
863 3616 1012 3688 τοιαύταις
1043 3619 1193 3698 ἀφορμαῖς
1224 3620 1275 3679 νοῶ

182 3723 248 3798 βίον
282 3722 365 3806 [πρὸς
391 3723 432 3786 re
454 3725 591 3807 τοιαῦτα]
616 3723 760 3804 τννχάνω
785 3725 931 3806 χρώμενος
956 3725 1117 3790 manifesto
1142 3726 1276 3810 interpo-

182 3832 245 3896 lata
267 3839 342 3896 sunt
366 3833 433 3911 πρὸς
456 3833 497 3896 rol
516 3838 649 3900 τοιαῦτα.
692 3836 770 3918 §25
792 3833 853 3911 ἐξόν
874 3858 921 3912 μοι
941 3836 1009 3913 μοι)
1030 3822 1139 3900 ἐκείνων
1157 3837 1223 3919 (τῶν
1235 3837 1275 3916 λ’)

182 3943 271 4013 ἀδεῶς
306 3943 521 4018 πολιτεύεσθαι,
564 3943 628 4019 μεθ’
667 3945 745 4022 ὑμῶν
783 3944 901 4022 εἱλόμην
931 3945 1095 4010 κινδυνεύειν
1127 3943 1274 4008 ἀκάντων.
1301 4022 1302 4026 ¹

181 4051 265 4136 Lego
297 4053 365 4131 ὑπὲρ
393 4052 546 4128 ἀοιάντων,
571 4055 674 4117 omnia
696 4056 728 4118 in
753 4054 916 4118 discrimen
940 4054 1020 4118 dare.
1061 4054 1111 4118 Sic
1134 4052 1274 4117 Dobrcus

182 4185 313 4246 quoque.
361 4162 464 4244 Quare
487 4163 613 4248 vulgata
635 4164 727 4228 lectio
750 4187 813 4230 non
836 4166 934 4250 possit
951 4165 1073 4250 probari
1089 4163 1275 4228 demonstra-

183 4280 248 4336 tum
273 4279 320 4336 est
335 4272 372 4337 ab
391 4272 476 4350 aliis,
493 4295 624 4356 quorum
640 4275 830 4338 coniecturas
847 4275 907 4339 vid.
926 4296 973 4360 ap.
991 4273 1176 4339 Scheibium.
1200 4275 1274 4357 §26

182 4383 283 4458 ὁμοίως
308 4385 386 4462 ὑμῶν
408 4384 530 4464 τύχοιμι
553 4391 612 4454 τοῖς
636 4383 736 4448 πολλοὶ
759 4384 916 4458 ῆδικηκθοιι
940 4407 1010 4448 cum
1034 4384 1150 4448 Cobeto
1174 4383 1276 4467 legen-
