3128 5208
342 1357 367 1422 I.
412 1358 468 1422 DE
491 1357 643 1424 LYSIAE
667 1358 836 1424 GENERE
859 1357 1049 1423 DIOllNDI.

515 1583 561 1646 De
582 1583 689 1668 Dyaiac
712 1582 866 1665 Ἠθονιοιΐοι.

185 1802 321 1888 Lysiam
353 1801 405 1885 qui
428 1810 498 1889 post
520 1802 700 1889 Dionysium
723 1804 1019 1870 Halicarnassensem
1042 1804 1165 1868 laudare
1188 1825 1235 1867 co-

139 1921 258 1991 netur,
292 1934 397 1976 vereor
426 1936 464 1978 ne
493 1913 622 1978 Iliadem
645 1922 714 2001 post
737 1916 904 1980 Homerum
927 1916 1056 1980 scribere
1079 1915 1233 1992 videatur3

139 2026 243 2089 tantis
278 2023 334 2087 ille
357 2024 498 2089 laudibus
522 2026 641 2090 extollit
664 2033 831 2106 oratorem,
855 2034 892 2090 ut
913 2026 1038 2112 paulum
1061 2050 1079 2089 a
1101 2025 1234 2111 perfecto

140 2138 256 2202 abesse
281 2135 429 2200 videatur.
475 2136 516 2200 Et
539 2137 667 2202 virtutes
691 2139 814 2224 quidem
837 2139 901 2202 eius
918 2138 956 2201 ad
972 2139 1072 2224 capita
1087 2137 1234 2223 quaedam

140 2254 283 2312 revocat.
330 2246 386 2310 Est
416 2248 497 2311 enim
520 2248 686 2312 seeundum
710 2248 891 2334 Dionysium
914 2271 1008 2333 purus
1031 2249 1096 2313 eius
1120 2270 1234 2325 serm03

142 2365 256 2423 orator
280 2358 409 2443 propriis
433 2366 464 2422 et
486 2358 660 2443 vulgaribus
683 2361 782 2424 utitur
801 2360 916 2437 verbis;
933 2360 1108 2444 perspicuus
1125 2365 1155 2422 et
1171 2358 1235 2423 bre·

140 2473 187 2535 vis
225 2476 277 2534 est
306 2468 396 2547 adeo,
427 2476 463 2533 ut
488 2491 550 2532 non
581 2491 700 2534 omnem
732 2471 791 2536 vim
820 2492 905 2535 suam
928 2470 1076 2556 explicare
1099 2470 1235 2534 videatur

142 2585 196 2668 (τῷ
223 2581 259 2646 δὲ
280 2581 368 2662 ῥήτορι
392 2581 552 2662 περιουσίαν
575 2580 720 2661 δυνάμεως
743 2581 919 2659 ἐνδείξασθαι
941 2581 1069 2662 ζητοῦντι
1091 2583 1148 2662 οὐχ
1170 2582 1234 2645 ἱκνο-

142 2699 198 2764 νῶς
227 2713 271 2754 11.
296 2690 414 2771 βραχύς
440 2692 517 2756 ἐστιν
539 2695 568 2756 ἐν
587 2699 647 2765 τοῖς
670 2693 781 2770 λόγοις,
805 2716 831 2759 1.
850 2695 895 2778 5);
919 2692 1031 2757 densus
1048 2699 1094 2757 est
1109 2699 1140 2755 11
1155 2714 1235 2776 pres·

143 2827 200 2867 sus
227 2803 263 2866 in
285 2801 417 2886 periodis
440 2803 477 2886 (o.
504 2805 552 2887 6);
581 2825 690 2889 magna
721 2807 785 2870 eius
809 2812 856 2868 est
876 2806 909 2868 in
931 2804 1154 2869 narrationibus
1178 2803 1237 2867 evi·

143 2915 258 2979 dentia
265 2939 274 2991 3
308 2913 421 2997 optime
451 2934 549 2977 mores
581 2914 670 2999 fingit
700 2915 867 2979 dicentium
874 2941 883 2994 ς
914 2937 985 2979 nam
1012 2914 1168 2999 ingenium
1199 2914 1237 2977 iis

144 3027 287 3102 bonum,
318 3023 521 3088 elocutionem
551 3025 718 3110 simplicem
741 3032 831 3111 atque
854 3027 988 3090 nativam
1011 3026 1135 3102 tribuit,
1160 3024 1238 3088 ordi·

144 3159 223 3202 uem
254 3136 345 3200 etiam
375 3143 496 3221 gratum
527 3143 558 3200 11
587 3137 625 3200 11
656 3137 882 3223 persuasionem
905 3137 1182 3213 accommodatum,
1207 3142 1238 3200 et
1307 3187 1308 3191 ,

145 3249 181 3312 in
198 3248 269 3332 ipso
285 3247 358 3310 artis
375 3247 427 3331 qui
443 3246 564 3310 videtur
580 3247 723 3332 neglectu
739 3255 834 3312 artem
846 3255 946 3312 orator
957 3248 1118 3312 maximam
1129 3246 1236 3325 habet;

146 3364 181 3421 et
213 3379 250 3421 eo
279 3357 366 3442 ipso,
397 3358 479 3443 quod
509 3381 571 3422 non
603 3360 699 3443 perite
732 3359 913 3425 distribuere
936 3360 1073 3438 videtur,
1097 3360 1237 3445 peritiam

146 3467 246 3532 habet
275 3474 305 3532 et
337 3469 398 3533 vim
425 3470 628 3554 persuasionis
659 3471 799 3536 eximiam
822 3473 858 3555 (c.
885 3473 933 3556 8);
966 3478 1054 3556 aptus
1087 3477 1150 3549 est;
1182 3492 1237 3556 pro

148 3579 280 3643 diversis
303 3579 471 3659 aetatibus,
497 3580 624 3658 studiis,
649 3581 850 3667 reliquisque,
876 3581 985 3665 quibus
1002 3582 1141 3645 homines
1159 3582 1238 3645 inter

149 3713 184 3754 se
218 3687 363 3754 differunt
385 3692 481 3756 variat
504 3691 690 3771 orationem3
715 3693 802 3757 aliter
825 3692 900 3757 dicit
923 3715 1024 3757 eoram
1047 3692 1181 3779 populo,
1204 3692 1238 3756 in

148 3799 284 3879 iudicio,
308 3803 340 3865 in
363 3801 510 3866 festorum
524 3803 693 3888 frequentia
702 3831 711 3883 ;
728 3804 815 3868 aliter
830 3804 862 3868 in
878 3805 1033 3889 principiis
1049 3803 1237 3881 orationum,

151 3911 188 3974 in
199 3915 389 3992 narratione,
405 3915 438 3977 in
453 3914 649 3992 refutatione,
666 3915 699 3978 in
715 3915 835 4000 epilogo
843 3941 852 3992 3
869 3912 1000 3999 denique
1016 3915 1112 3998 gratia
1127 3913 1238 3998 (χάρις)

122 4079 127 4084 ,
152 4021 247 4085 huius
271 4046 306 4087 ea
328 4031 389 4102 est,
415 4047 506 4110 quam
528 4047 616 4090 nemo
640 4025 887 4111 aequiparaverit.

201 4131 306 4197 Unum
330 4143 375 4199 est
398 4135 608 4201 tantummodo
630 4138 663 4201 in
679 4159 739 4222 quo
755 4135 919 4219 Dionysius
936 4134 1100 4220 praefracte
1115 4132 1237 4218 Lysiam

156 4244 352 4328 reprehendit
359 4272 368 4324 ;
391 4248 492 4311 minus
514 4249 596 4311 enim
618 4247 799 4312 laudabilem
823 4245 898 4310 dicit
921 4246 984 4310 eius
1007 4245 1237 4329 dispositionem

157 4376 184 4418 c.
207 4357 246 4418 15
268 4356 324 4420 sub
342 4357 362 4422 f.
372 4384 381 4436 3
403 4358 639 4440 regenerabant
658 4367 716 4430 τοῖς
736 4357 998 4436 ἀναγιγνώσκουσιν
1022 4357 1108 4420 αὐτὸν
1124 4393 1168 4403 -
1185 4356 1236 4428 τὴν

158 4463 241 4541 τοίξιν
256 4467 304 4532 aa>
319 4469 370 4543 rba
387 4469 527 4550 ἕρνοισίοον
544 4470 637 4536 αὐτῶν
655 4471 720 4554 (τῶν
732 4467 948 4552 ἐνθυμημάτων)
961 4466 1139 4546 ἐνδεεστέραν
1150 4461 1237 4530 οὖσαν

1100 4583 1113 4636 l
