3128 5208
655 475 696 536 39

129 686 412 750 commemoratum.
449 682 653 748 statuendum
677 690 723 746 est
746 690 849 748 autem
873 683 910 748 de
926 690 1015 768 pacto
1031 684 1149 767 privato
1162 708 1221 749 ser-

129 815 251 860 monem
278 818 359 872 esse,
383 796 465 880 quod
489 795 526 860 de
550 795 773 881 permutatione
798 803 828 859 et
848 794 975 859 ancillae
991 796 1145 860 communi
1162 818 1220 861 usu

127 903 243 971 initum
268 904 377 985 fuerit,
403 905 435 970 in
459 928 521 990 qno
545 906 637 970 simul
658 906 738 970 inter
754 907 948 972 condiciones
964 907 1219 971 reconciliationis

127 1015 267 1098 positum
302 1016 394 1082 fuerit
424 1015 504 1080 illud
537 1017 718 1100 promissum
749 1016 789 1082 de
819 1017 985 1082 certamine
1016 1017 1218 1102 Dionysiaco;

127 1127 211 1209 qnod
237 1135 342 1192 tamen
367 1128 515 1212 scriptum
537 1151 599 1191 non
624 1128 756 1212 amplius
780 1127 935 1207 exstabat3
959 1129 1003 1192 ita
1027 1129 1106 1193 enim
1126 1128 1219 1193 nullis

126 1238 302 1304 rationibus
326 1238 364 1302 de
388 1261 424 1302 eo
435 1286 444 1316 ,
469 1248 573 1304 utrum
596 1220 801 1308 reconciliatio
824 1241 904 1304 facta
927 1249 1005 1306 esset
1028 1262 1122 1304 necne
1138 1242 1165 1325 (ᾧ
1184 1243 1218 1318 l,

128 1350 177 1431 2),
203 1371 286 1434 opus
306 1349 424 1414 fuisset.
472 1349 674 1414 Marklandus
704 1350 862 1414 nonnullis
894 1373 949 1436 pro
979 1357 1079 1418 ταῦτα
1103 1352 1220 1436 placere

126 1459 169 1522 ait
196 1459 347 1539 τοῦνομα,
376 1484 501 1540 ‚momen
532 1461 611 1526 inter
642 1461 855 1547 competitores
882 1463 1022 1528 referre.''
1069 1462 1101 1526 si
1128 1464 1220 1548 scrip

126 1578 192 1640 tum
224 1574 271 1638 ita
295 1581 444 1651 exstaret,
470 1595 626 1659 possemus
650 1575 682 1638 in
706 1574 762 1638 hac
786 1574 988 1659 explicatione
1011 1575 1217 1658 acquiescere;

127 1706 235 1750 verum
260 1707 330 1752 cum
354 1685 478 1750 aliunde
501 1708 562 1752 non
580 1694 694 1750 notum
718 1686 775 1764 sit,
799 1687 923 1752 nomina
946 1687 1052 1752 solitos
1072 1710 1137 1752 esse
1152 1709 1220 1771 pro·

127 1796 223 1874 fiteri,
261 1798 287 1860 si
317 1799 372 1882 qni
400 1797 516 1862 iudices
544 1821 576 1862 se
599 1798 664 1862 fieri
687 1807 849 1882 cuperent,
874 1819 982 1882 parum
1005 1797 1080 1862 haec
1103 1799 1219 1862 coniec

127 1915 195 1972 turo
230 1908 474 1974 commendatur.
521 1908 644 1972 Etenim
675 1931 752 1992 quae
783 1907 820 1972 de
848 1906 1057 1991 designatione
1080 1890 1218 1974 iudicum

127 2018 158 2082 iu
181 2019 344 2104 Dionysiis
368 2019 491 2088 aliunde
513 2027 588 2084 nota
610 2026 682 2082 sunt
706 2018 779 2084 huic
802 2017 993 2086 coniecturae
1017 2041 1078 2083 non
1100 2019 1217 2097 faveut3

128 2132 273 2194 novimus
312 2132 391 2196 enim
428 2130 604 2197 candidatos
639 2128 733 2194 fuisse
765 2152 784 2193 ο
810 2131 996 2194 scootcrctcs
1026 2128 1217 2214 designatos5

131 2264 237 2309 eorum
269 2241 393 2306 nomina
416 2242 448 2306 iu
472 2257 580 2307 urnam
603 2241 699 2305 fuisse
722 2240 876 2318 coniecta,
901 2252 937 2304 ut
960 2241 992 2304 in
1016 2241 1083 2325 ipso
1107 2241 1220 2325 Diony-

132 2353 247 2418 siorum
278 2352 442 2417 certamine
466 2351 579 2416 archon
603 2357 699 2416 sortes
723 2350 857 2417 duceret.
904 2350 951 2416 of.
976 2351 1069 2416 Isocr.
1094 2351 1218 2436 Trapez.

131 2466 195 2549 (17)
219 2468 239 2550 ῤ
262 2467 322 2528 33:
347 2465 504 2545 Πυθόδωρον
527 2464 586 2545 γαρ
608 2465 657 2528 τὸν
680 2463 812 2538 σκηνίτην
835 2463 1011 2537 καλούμενον
1033 2502 1094 2542 -,
1112 2465 1156 2535 τίς
1169 2465 1219 2528 οὐκ

130 2573 201 2641 οἶδεν
235 2577 313 2651 ὑμῶν
344 2575 458 2658 τέρασιν
488 2574 645 2650 ἀνοίξαντα
676 2575 731 2645 τοὶς
760 2575 855 2654 ὑδρίας
876 2574 925 2639 καί
949 2575 1014 2648 τοὺς
1037 2577 1135 2653 κοντας
1158 2573 1218 2650 ἐξε·
1290 2649 1292 2652 ,

132 2688 223 2754 λίντα
258 2688 323 2760 τοὺς
363 2689 424 2752 tad
455 2696 508 2762 τῆς
539 2687 648 2764 βουλῆς
679 2686 900 2764 είςβληίέντας;
933 2686 1092 2752 Senatores
1123 2685 1218 2770 igitur

131 2799 268 2864 tabulam
299 2799 428 2864 alicuius
458 2798 581 2862 nomine
610 2805 748 2862 notatam
770 2798 803 2862 in
826 2820 934 2862 urnam
958 2797 1151 2863 coniicientcs
1175 2796 1219 2862 di-

133 2919 244 2978 cuutur
274 2912 369 2991 κριτὴν
396 2909 579 2988 creceium,
614 2916 668 2974 ent
694 2909 736 2992 (et
758 2908 885 2985 melius,
909 2908 1029 2993 opinor)
1053 2907 1146 2988 apicio
1169 2909 1219 2984 ἐμ-

133 3023 276 3106 βάλλων,
312 3030 348 3086 ut
378 3023 457 3086 infra
479 3022 583 3106 paucis
607 3027 677 3106 post
700 3019 816 3085 verbis:
841 3019 903 3084 ἕτεί
931 3027 1034 3102 σαφῶς
1058 3018 1159 3096 ἔγνωτ’
1182 3018 1218 3085 ἂν

133 3131 283 3212 destasia
307 3132 378 3210 ἦμεν
402 3134 489 3201 αὐτὸν
511 3135 535 3196 οἱ
558 3135 654 3213 κριτὴν
678 3131 861 3210 ἐμβαλόντες
884 3130 934 3200 καί
959 3134 1037 3207 ἡμῶν
1060 3127 1131 3194 ἕνεκ’
1151 3133 1218 3208 duc:

134 3245 225 3327 δίζετο
249 3247 370 3330 (nempe
392 3247 499 3329 κριτής)
522 3245 543 3308 i.
568 3267 593 3308 e.
618 3251 648 3308 et
672 3251 822 3328 quantum
846 3241 970 3326 quidem
986 3263 1039 3325 per
1053 3263 1102 3304 me
1118 3242 1220 3326 potuit

134 3356 227 3438 (τούπ’
251 3356 315 3440 ἐμὲ)
338 3340 430 3420 iudex
452 3364 520 3419 tum
543 3361 616 3418 erat.
652 3354 789 3438 Apparet
812 3375 847 3418 ex
872 3352 920 3416 his
942 3374 1028 3416 rcum
1043 3359 1110 3416 tum
1125 3353 1218 3418 fuisse

135 3476 320 3544 senatorem,
346 3465 428 3552 qnod
452 3445 590 3530 nondum
613 3463 857 3529 animadversum
880 3463 979 3527 credo.

176 3580 271 3643 Plura
293 3577 446 3642 interiisse
469 3597 561 3660 quam
584 3597 693 3638 causae
716 3575 936 3658 expositionem
959 3597 995 3642 eu
1017 3575 1034 3658 t
1057 3576 1075 3636 a
1097 3572 1219 3640 demon·

136 3691 222 3756 strari
253 3711 341 3774 posse
372 3694 458 3772 puto.
505 3686 697 3752 Hamakerus
726 3685 770 3750 ibi
801 3686 900 3750 deleta
927 3685 1148 3770 praepositione
1172 3685 1219 3749 δοοί

135 3825 242 3866 novam
273 3800 374 3864 lucem
404 3798 562 3862 orationis
586 3804 763 3883 argumento
780 3796 919 3860 ¹offudit:
950 3796 999 3862 καί
1023 3798 1075 3870 τὴν
1096 3797 1149 3873 μὲν
1172 3797 1220 3859 νίν-

135 3913 239 3978 τίδοσιν
272 3912 335 3996 [δι’]
367 3912 473 3986 ἐκείνην
503 3910 626 3990 Φανερίς
654 3913 716 3974 ἐστι
750 3909 954 3984 τοονσοίαενος,
989 3909 1040 3980 τὴν
1074 3907 1098 3972 δ’
1122 3908 1219 3972 αἰτίαν

136 4023 168 4088 δι’
191 4022 223 4098 ἣν
245 4021 391 4088 ἀπέδωκεν
415 4019 436 4086 e
461 4021 587 4104 ἔλαβεν,
611 4024 660 4086 οὐκ
682 4019 718 4085 dcv
740 4018 835 4095 οίλλαν
857 4019 920 4099 ἔχοι
942 4021 1045 4099 εἰπεῖν,
1069 4056 1114 4066 -
1137 4018 1153 4092 c
1176 4015 1218 4082 dre

135 4136 158 4198 οἱ
188 4136 268 4216 Φίλα
299 4133 362 4213 orep}
395 4133 512 4198 τοίντων
543 4136 622 4208 ἡμᾶς
652 4129 758 4196 τούτων
788 4127 985 4204 συνήλλαξαν.
1031 4127 1103 4192 Non
1136 4127 1218 4191 enim

132 4253 256 4331 propter
286 4249 423 4310 eccillam
452 4242 601 4310 bonorum
625 4243 758 4332 fecerant
781 4240 1054 4326 permutationem
1079 4247 1142 4303 erat
1165 4236 1219 4300 illa

137 4358 303 4423 communis
327 4358 504 4442 utriusque,
533 4363 568 4419 ut
591 4352 656 4420 eius
681 4354 819 4418 condicio
842 4375 896 4437 per
919 4352 1074 4416 antidosin
1093 4349 1218 4414 minime

138 4477 313 4536 mutaretur.
368 4467 427 4532 Sed
456 4467 549 4532 simul
580 4490 649 4533 cum
681 4465 899 4551 compositione
931 4464 1096 4528 amicornm
1127 4463 1219 4526 iuter-
