3126 5210
778 459 841 521 212

262 659 299 722 de
323 657 413 722 rebus
437 656 569 720 civitatis
593 663 801 720 memorantur
823 658 840 740 t
860 658 901 717 22
925 677 995 720 cum
1011 655 1139 719 historia
1154 657 1359 720 conveniunt.

260 769 342 833 Nam
365 768 449 851 quod
472 767 704 832 Lacedaemonii
728 768 874 832 dicuntur
895 767 1025 844 minari,
1043 767 1101 830 nisi
1118 767 1243 830 mittant
1260 769 1360 831 Athe·

259 881 379 943 nienses
400 878 559 962 pecuniam
577 876 712 941 debitam
736 879 942 960 (ἀπειλοῦντος
952 925 960 956 ,
982 874 1052 940 θ’τοιν
1067 878 1109 950 μὴ
1124 876 1359 956 ἀποπέμψωμεν

261 992 358 1060 αὐτοῖς
380 988 421 1051 τοὶ
441 988 599 1071 κρίνοιτο)
623 988 756 1071 pertinet
779 987 817 1050 ad
841 996 964 1050 centnm
982 985 1115 1063 talenta,
1132 1007 1210 1068 quae
1227 986 1360 1069 triginta

259 1100 316 1162 viri
346 1104 455 1162 mutua
487 1119 501 1159 a
531 1095 780 1160 Lacedaemoniis
810 1102 998 1173 sumserunt,
1023 1103 1058 1159 ut
1081 1117 1168 1159 suam
1191 1101 1357 1160 tuerentur

260 1207 444 1292 potentiam,
478 1227 557 1290 quae
588 1205 708 1269 reddita
740 1212 847 1290 postea
877 1214 968 1282 sunt,
1001 1205 1038 1268 de
1062 1227 1123 1289 quo
1146 1205 1205 1269 loci
1234 1206 1355 1270 classici

258 1318 329 1401 Lys.
346 1320 397 1380 12.
416 1317 475 1393 58,
493 1337 537 1398 sq.
545 1363 553 1392 ,
574 1313 667 1378 lsocr.
687 1317 716 1380 7.
731 1317 788 1391 68,
806 1314 893 1377 Dem.
911 1315 964 1378 20.
986 1317 1041 1392 ll,
1059 1335 1103 1397 sq.
1129 1314 1355 1391 Demosthenes

258 1428 374 1492 indicat
398 1426 501 1488 statim
526 1432 595 1508 post
618 1423 765 1508 populare
788 1423 949 1506 imperinm
973 1424 1148 1488 restitutum
1166 1423 1269 1488 dehis
1286 1425 1355 1488 red-

257 1537 364 1601 dendis
389 1543 491 1599 ectum
518 1557 599 1610 esse:
625 1533 673 1597 κοιί
696 1538 752 1597 τῶν
773 1534 827 1610 μὲν
843 1569 889 1582 -
905 1571 963 1616 -,
984 1539 1040 1598 τῶν
1061 1534 1090 1598 δὲ
1111 1540 1196 1600 τοῦτο
1217 1541 1354 1614 πρῶτον

257 1645 385 1726 trepton
415 1653 468 1718 τῆς
497 1644 627 1719 θμονοίοις
656 1649 774 1716 σημεῖον
805 1641 968 1716 ἀξιούντων.
1016 1642 1076 1706 Sed
1107 1665 1168 1708 non
1192 1645 1352 1730 probabile

256 1761 302 1820 est
325 1776 391 1818 eam
415 1774 478 1816 rem
501 1759 565 1815 tam
588 1749 714 1814 dubiam
738 1757 830 1833 atque
853 1751 886 1814 in
910 1752 1038 1834 penuria
1061 1753 1193 1817 civitatis
1213 1763 1276 1818 tam
1291 1754 1351 1818 dif-

254 1865 365 1930 ficilem
387 1872 449 1928 tam
473 1861 557 1926 brevi
580 1866 763 1922 transactam
787 1859 892 1923 fuisse.
929 1859 1124 1925 Probabilius
1140 1873 1250 1947 quarto
1265 1887 1349 1928 anno

254 1983 324 2060 post
347 1974 474 2056 triginta
497 1972 577 2034 viros
601 1970 724 2056 pulsos,
749 1992 811 2054 quo
835 1970 910 2034 haec
933 1969 1039 2035 habita
1061 1979 1107 2034 est
1123 1975 1237 2052 oratio,
1255 1976 1349 2038 etiam

253 2086 396 2148 infectam
412 2105 473 2145 rem
491 2081 595 2144 fuisse.
624 2079 742 2144 Eodem
762 2088 900 2164 tempore
921 2080 1089 2146 secundum
1107 2081 1347 2148 Nicomacheam

254 2196 274 2258 l.
299 2195 319 2257 l.
344 2193 454 2256 Boeoti
477 2193 571 2263 ον’λοις
594 2193 754 2271 εἰιοιοῦντο,
777 2191 877 2275 quod,
898 2193 1001 2276 inquit
1019 2199 1137 2271 orator,
1156 2197 1187 2260 οὐ
1200 2196 1349 2273 θονοίμεθοι

254 2305 301 2370 δύο
331 2303 470 2368 τιίλοιντοι
500 2301 666 2365 anatona.
713 2299 770 2362 Est
800 2300 858 2363 hoc
888 2323 960 2364 sane
990 2323 1052 2365 non
1082 2303 1155 2368 alibi
1180 2311 1347 2382 testatum,

253 2414 307 2478 sed
338 2435 408 2476 vero
439 2420 541 2474 tamen
568 2410 676 2473 simile.
724 2407 832 2472 Boeoti
856 2411 937 2473 enim
961 2433 1057 2495 quum
1081 2418 1152 2476 ante
1175 2437 1278 2478 muros
1302 2415 1350 2477 di·

252 2531 338 2587 rutos
370 2521 509 2586 acerrimi
537 2519 667 2583 luissent
698 2519 801 2582 hostes
833 2521 1069 2584 Atheniensium
1101 2524 1154 2606 (μίρ
1176 2525 1348 2588 σπένδεσθαι

250 2634 322 2698 ἀλλ’
351 2631 471 2710 ε’ξοιιρεῖν
499 2629 578 2693 Xen.
610 2628 692 2694 Hell.
717 2629 760 2692 Π.
786 2632 816 2700 2.
843 2632 892 2712 5),
917 2630 979 2694 iam
1002 2631 1096 2714 paulo
1120 2640 1206 2716 post,
1231 2634 1349 2717 perspi·

251 2745 364 2807 cientes
388 2743 462 2834 sine*
477 2739 571 2803 dubio
595 2748 747 2822 quantum
770 2740 944 2823 propinqua
965 2739 1277 2806 Lacedaemoniorum
1293 2766 1349 2828 po-

251 2859 343 2915 testas
372 2851 446 2936 ipsis
475 2850 661 2925 minaretur,
695 2847 732 2910 ad
757 2849 909 2914 saniorem
933 2857 1067 2913 mentem
1091 2852 1266 2931 redierunt,
1291 2853 1351 2916 La-

250 2961 511 3044 cedaemoniisque
527 2958 565 3021 ad
582 2958 709 3041 triginta
725 2959 806 3020 viros
824 2958 1042 3022 sustentandos
1058 2962 1173 3024 auxilia
1184 2971 1349 3046 negarunt.

250 3071 338 3150 Quae
369 3070 487 3153 gravati
518 3069 580 3132 sint
608 3074 711 3151 postea
743 3066 978 3132 Lacedaemonii
1008 3071 1193 3154 perspicitur
1222 3094 1238 3134 e
1265 3072 1348 3138 Xen.

250 3181 332 3244 Hell.
366 3179 427 3243 ΙΙΙ.
458 3183 487 3242 5.
514 3183 550 3242 5:
582 3179 606 3242 οί
633 3179 730 3255 μέντοι
756 3178 977 3255 cantantum
1001 3179 1121 3255 ἄσμενοι
1146 3181 1255 3260 ἔλαβον
1278 3185 1349 3262 τρί-

248 3297 341 3370 Φοιοιν
370 3289 538 3368 στρατεύειν
567 3289 614 3352 ἐντί
646 3288 713 3358 τοὺς
738 3286 906 3363 Θηβαίους,
928 3287 1025 3353 τοίλοιι
1049 3290 1222 3371 ὀργιζόμενοι
1246 3295 1349 3366 οιύτοῖς

248 3409 301 3475 τῆς
324 3402 351 3463 τ’
374 3399 557 3478 οίντιλιίψεως
580 3405 632 3470 τῆς
656 3403 707 3460 τοῦ
731 3395 914 3468 ’Λπόλλωνος
942 3396 1066 3472 θεκοίτιρρ
1090 3400 1119 3462 ἕν
1138 3403 1282 3484 Δεκελείᾳ
1302 3403 1349 3485 (fi-

248 3510 315 3573 nito
346 3501 428 3572 bello
459 3505 737 3590 Peloponnesiaco,
771 3503 809 3568 cl.
839 3503 921 3568 Just.
948 3507 978 3569 5.
1006 3507 1059 3590 ll)
1081 3507 1131 3571 κοί
1150 3516 1201 3574 τοῦ
1227 3511 1274 3574 ἕτί
1295 3513 1347 3576 τὸν

248 3621 370 3697 Πειροιιοῖ
397 3620 439 3694 μὴ
463 3617 597 3690 ἐθελῆοοιι
625 3616 815 3686 ιὶιιολοοθῆοοιι
839 3611 934 3696 (Hell.
960 3612 1004 3677 ΙΙ.
1030 3616 1061 3678 4.
1087 3617 1152 3700 30).
1177 3621 1294 3699 ᾐτιῶντο
1318 3621 1347 3684 δ’

248 3730 353 3798 αὐτοὺς
380 3727 429 3791 nal
454 3725 605 3805 Κορινθίους
629 3730 728 3788 τεῖοοιι
752 3723 795 3799 μὴ
819 3723 1033 3802 ονοτρωτεθειν.
1081 3723 1129 3789 Id.
1154 3727 1215 3792 III.
1234 3731 1264 3793 2.
1282 3733 1344 3795 25ε

247 3838 296 3902 acl
320 3835 576 3916 οννεοτροιτεθοντο
598 3837 639 3913 τῷ
657 3832 760 3909 ’Ἄγιδι
783 3833 876 3905 τλθρν
900 3839 1057 3898 Βοιωτῶν
1080 3837 1138 3900 eal
1163 3841 1345 3918 Κορινθίων

246 3945 276 4013 οί
299 3951 327 4012 τ’
349 3945 435 4010 ἄλλοι
466 3945 624 4024 σύμμαχοι
655 3942 705 4006 ccl
736 3943 760 4007 οἱ
791 3941 935 4016 ’Λθννιοῖοι
964 3942 1008 4025 (in
1041 3944 1242 4029 expeditione
1266 3949 1344 4015 Elea

247 4083 273 4122 a.
288 4060 376 4139 401).
401 4054 481 4118 Add.
506 4055 539 4117 in
562 4053 718 4116 Eratosth.
743 4055 795 4114 58.
821 4052 867 4114 Ac
891 4052 995 4115 statim
1018 4061 1089 4137 post
1112 4056 1239 4140 triginta
1260 4060 1342 4123 viros

245 4167 404 4231 institutos
429 4165 646 4241 decreverunt,
671 4162 750 4226 nihil
771 4168 913 4225 curantes
929 4160 1241 4230 Lacedaemoniorum
1257 4193 1342 4254 prae-

246 4279 376 4360 scripta,
400 4283 436 4340 ut
460 4275 616 4338 exsulibus
641 4272 753 4336 Atticis
777 4279 864 4334 tutus
889 4278 969 4335 esset
985 4271 1024 4334 ad
1040 4295 1072 4336 se
1088 4284 1227 4360 receptus
1243 4278 1339 4360 (Plut.

246 4386 317 4470 Lys.
342 4408 367 4448 c.
394 4387 433 4450 27
460 4385 517 4448 sub
541 4383 578 4461 l.,
603 4382 676 4467 Lys.
701 4379 785 4465 apud
809 4380 901 4444 Dion.
920 4379 1019 4445 Halia.
1040 4384 1057 4444 5
1076 4406 1105 4468 p.
1125 4387 1205 4465 594,
1222 4389 1259 4451 fr.
1279 4393 1338 4468 78,
