3126 5210
812 499 874 562 ltu

293 698 472 774 λεντηιιύτον
491 694 544 775 at,
564 698 700 774 κειμένων
721 697 747 762 d'
767 700 797 762 ἕν
815 706 874 781 γῇ,
899 697 989 762 ortas
1012 702 1074 765 εἰιεῒ
1094 700 1316 777 ξονιστοιμένονς
1337 699 1389 763 κού

293 809 560 886 ύνοοβιοοσκοιιένοος
583 804 702 872 ἕτεσύοοι
725 817 761 888 τῇ
781 818 871 890 τροπῇ
891 842 936 857 —-
955 811 995 881 εἷς
1014 810 1159 875 τύνιιντύοι
1177 819 1229 884 τῆς
1246 808 1389 888 γενέσεως

293 919 372 982 nihil
396 939 521 1002 prorsus
545 917 695 1002 probant,
721 917 803 1002 quod
827 918 860 981 iu
884 919 986 1002 priore
1010 919 1120 991 τούτοις
1138 919 1252 1004 pendet
1267 918 1305 983 ab
1322 920 1393 998 ε’φε·

293 1029 361 1106 ξῆο,
378 1030 411 1093 in
428 1027 524 1093 altero
540 1029 691 1092 sententia
703 1029 847 1112 requirit,
861 1029 1037 1106 ἓτύμενύν
1052 1032 1131 1106 ἐστι,
1145 1047 1322 1112 consequare
1334 1035 1390 1092 est.

338 1142 356 1224 d
379 1141 397 1202 9
423 1137 480 1203 sub
502 1139 554 1202 fin.
591 1138 730 1203 Defende
754 1138 902 1202 librorum
923 1138 1086 1204 lectionem
1102 1146 1225 1205 τοιοῦτον
1240 1135 1310 1204 εἷνοιι
1327 1139 1390 1203 nal

294 1249 346 1313 ἔτι
370 1247 567 1328 πονηρότερον,
595 1269 650 1332 pro
674 1270 735 1333 qua
758 1247 811 1312 alii
834 1250 883 1312 κού
907 1248 969 1313 ἔστι
992 1273 1037 1330 τι,
1066 1249 1119 1313 alii
1142 1248 1192 1312 κού
1216 1248 1247 1313 τύ
1269 1247 1310 1312 ἔτι
1334 1255 1393 1311 aut

294 1360 344 1422 κού
367 1359 406 1423 σι’.
453 1357 612 1422 Sententia
635 1364 696 1422 est:
722 1359 891 1437 „miserum
914 1357 1008 1421 talem
1032 1357 1121 1421 illum
1146 1379 1211 1421 esse
1234 1365 1288 1424 cut
1308 1358 1394 1442 peio-

295 1491 358 1532 rem
383 1469 505 1532 etiam.”
540 1467 587 1532 cf.
612 1468 712 1545 ὀλίγον
735 1469 810 1539 τινὸς
825 1465 898 1543 ailla
916 1467 978 1532 ἐστὶ
994 1467 1044 1532 κού
1060 1467 1188 1542 οὐδενός,
1205 1467 1284 1530 Plat.
1297 1468 1393 1552 Apol.

296 1581 349 1642 23.
373 1579 412 1642 A.
458 1579 559 1656 Μικρύι
582 1583 631 1642 κού
655 1578 751 1653 οὐδέν,
775 1578 863 1642 Dcm.
891 1581 942 1641 18.
971 1580 1045 1642 104.
1093 1577 1153 1643 Δύο
1177 1576 1226 1641 κού
1248 1577 1315 1655 vala
1334 1577 1396 1654 βή-

295 1710 398 1763 aare,
423 1685 503 1750 Xan.
529 1686 589 1750 An.
610 1683 667 1750 IV.
693 1689 722 1750 7.
752 1689 801 1749 10.
848 1687 906 1751 Kal
932 1724 978 1735 -
998 1687 1050 1752 κού
1064 1686 1250 1751 disiunctive
1268 1707 1323 1770 pro
1340 1693 1396 1750 aut

296 1803 454 1880 ponuntur
477 1794 549 1879 Lys.
572 1797 624 1860 at.
650 1797 687 1858 3:
723 1797 833 1860 ἑτύτοιν
856 1797 885 1860 ἐν
907 1798 1059 1876 χρύμιισιν
1082 1795 1100 1878 ᾖ
1122 1798 1173 1861 κού
1196 1797 1317 1869 σιούηνοιι
1339 1797 1396 1869 τὴν

295 1906 379 1971 πόλιν
409 1907 458 1970 κού
488 1909 541 1983 μη.
593 1908 643 1969 12.
670 1907 729 1969 26:
761 1907 812 1970 ἐστι’
841 1929 882 1972 σοι
906 1907 983 1988 μύνῳ
1005 1907 1119 1985 ἐγένετο
1143 1907 1194 1971 κού
1218 1912 1309 1971 σῶσον
1334 1915 1394 1969 [Ic-

294 2017 444 2096 λέμορχον
474 2015 524 2080 κού
551 2017 604 2091 μή.
651 2015 730 2079 Xen.
765 2014 848 2080 Hell.
878 2015 904 2079 I.
931 2019 958 2081 7.
986 2019 1044 2080 23:
1077 2016 1304 2098 διαψηφίζεσθαι
1336 2015 1390 2080 ἐύν

297 2127 326 2192 τ’
350 2127 457 2192 ἀδικεῖν
480 2126 612 2203 δοκῶσιν,
637 2125 688 2190 ἕύν
711 2149 745 2189 τε
768 2127 820 2202 μή.
866 2123 940 2189 Νοιι
963 2148 1037 2189 sane
1060 2125 1303 2190 demonstratum
1326 2133 1395 2189 erat

296 2236 502 2304 adversarium
526 2243 617 2301 etiam
638 2241 769 2320 petorem
793 2257 874 2314 esse,
900 2235 953 2300 sed
978 2243 1044 2300 tota
1067 2237 1142 2301 haec
1162 2236 1391 2320 argumentatio

296 2355 343 2412 est
365 2347 592 2412 coniecturalis.

341 2460 360 2542 d
386 2460 435 2521 10.
483 2455 564 2520 Mihi
587 2455 719 2520 obiicere
742 2475 834 2518 ausus
857 2462 904 2518 est
927 2455 999 2538 equi
1022 2476 1127 2532 usum,
1151 2456 1234 2521 ούτε
1256 2458 1318 2532 τὴν
1341 2457 1400 2522 τύ-

296 2591 367 2648 χην
393 2566 532 2643 dalcae,
556 2565 611 2631 ούύ’
634 2567 713 2642 ὑμᾶς
737 2564 912 2644 alaxandria.
948 2563 995 2627 dx
1019 2563 1145 2628 adiectis
1169 2565 1279 2631 efficias
1302 2565 1394 2629 facile

297 2679 394 2756 τύχην
418 2676 506 2739 deam
529 2675 703 2760 significari.
738 2673 789 2738 sio
811 2675 903 2754 Τύχη
926 2673 985 2738 hcc
1008 2675 1076 2738 loco
1097 2683 1176 2739 esset
1191 2676 1249 2739 dea
1262 2675 1395 2753 vindex,

299 2807 378 2870 quac
410 2785 435 2848 si
468 2785 537 2869 quis
561 2806 632 2868 erga
655 2783 792 2848 infelices
816 2782 856 2846 ait
878 2783 1110 2862 immisericors,
1134 2807 1247 2869 poenas
1271 2786 1395 2870 exigat,

299 2896 389 2980 qnasi
418 2892 559 2959 Nemesis
591 2894 759 2978 quaedam,
788 2915 865 2978 quac
894 2893 1063 2958 insolenter
1091 2895 1209 2960 miseris
1240 2897 1394 2960 insultan-

299 3015 346 3072 tes
376 3007 409 3070 in
440 3005 643 3070 calamitatem
676 3003 830 3068 detrudat.
877 3003 934 3067 Est
968 3026 1041 3069 sane
1075 3005 1234 3070 insolitum
1269 3013 1306 3070 ut
1335 3007 1398 3072 hoc

299 3116 421 3202 Tychae
444 3116 651 3194 adscribatur,
674 3116 762 3180 cuius
786 3115 844 3178 etsi
867 3115 913 3178 vis
935 3116 1069 3179 maxima
1092 3122 1155 3193 est,
1179 3123 1281 3181 tamen
1305 3119 1397 3182 certis

299 3226 420 3311 legibus
447 3248 510 3290 non
533 3226 755 3310 adstringitur,
781 3245 875 3308 quare
898 3223 937 3288 ad
961 3226 1069 3306 Τύχην
1091 3247 1154 3289 non
1177 3225 1266 3290 facile
1290 3249 1399 3314 provo-

300 3343 405 3412 catur,
439 3342 474 3399 ut
505 3337 575 3420 quis
599 3335 637 3399 ab
661 3334 825 3399 insolentia
848 3341 1018 3398 revocetur.
1067 3334 1140 3398 duit
1162 3337 1276 3420 igitur,
1301 3358 1400 3421 quum

301 3446 465 3531 legendum
490 3453 631 3533 putarem
653 3446 718 3511 οὔτε
741 3447 793 3516 την
816 3445 913 3525 τύχην
936 3447 1079 3524 ἐλεήσαις,
1102 3469 1224 3532 „neque
1241 3468 1322 3513 mace
1337 3469 1402 3513 sor-

301 3557 365 3633 „tis
388 3556 551 3621 misertus''
575 3559 754 3640 (ΔΕΙΟΑΟ,
780 3556 982 3640 ε’ΛΕΗΟΑΟ).
1028 3555 1087 3620 Sed
1111 3556 1182 3621 ferri
1205 3563 1308 3642 potest
1333 3558 1401 3622 vul-

302 3673 374 3751 gata
397 3667 422 3728 si
445 3667 542 3745 τύχην
565 3667 765 3751 interpretere
788 3684 890 3729 rerum
914 3664 1117 3730 humanarum
1140 3666 1398 3733 vicissitudinem.

302 3775 401 3840 Locos
432 3775 471 3839 de
497 3775 599 3860 Tyehe
623 3775 815 3860 collegerunt
836 3773 989 3858 Limburg
1011 3775 1173 3854 Brouwer,
1198 3776 1280 3841 Hist.
1305 3776 1344 3841 de
1368 3778 1400 3842 la

303 3886 411 3951 civilis.
436 3884 510 3949 VII.
536 3907 565 3969 p.
592 3886 722 3950 69-71
748 3892 779 3949 et
805 3883 1018 3974 Naegelsbach
1042 3887 1075 3950 in
1099 3886 1194 3951 libro:
1220 3888 1279 3952 Die
1294 3886 1400 3952 Nach-

302 3997 492 4061 hcmerische
515 3996 692 4080 Theologie.

348 4109 364 4192 d
389 4110 441 4171 10.
488 4105 624 4171 Cobetus
657 4129 728 4170 cum
758 4107 826 4170 aliis
850 4106 936 4171 dedit
958 4109 1016 4185 ἐγὼ
1040 4108 1117 4192 νύν,
1141 4105 1161 4172 ὦ
1185 4109 1296 4186 βουλή,
1322 4107 1399 4172 τύν-

302 4242 358 4289 τοις
381 4205 485 4295 οἶμοι
505 4219 571 4289 τοὺς
591 4217 716 4298 ἔχοντύς
737 4241 765 4280 τι
785 4216 963 4297 δυςτύχηιιοι
978 4224 1102 4283 τοιοῦτον
1121 4219 1299 4300 ῥᾳστώνην
1314 4221 1399 4283 τινοὶ

303 4327 399 4408 ζητεῖν
428 4327 477 4393 κού
508 4332 592 4393 τοῦτο
623 4333 796 4409 φιλοσοφεῖν
826 4325 902 4401 ὅπως
933 4365 994 4410 -,
1020 4327 1074 4392 sed
1096 4324 1177 4407 οἶμον
1200 4335 1231 4393 ct
1253 4329 1398 4410 p‘qrrrdanv

302 4437 368 4502 τινύ
391 4438 503 4502 desunt
526 4439 557 4501 in
583 4437 723 4501 Palatino
745 4443 775 4502 et
791 4436 894 4502 deberi
912 4446 989 4524 puto
1005 4441 1168 4504 correctori
1182 4439 1393 4504 Laurentiani.
