3126 5210
648 481 709 542 193

136 686 304 765 γορήσαυοοο
332 679 560 763 Θρασυβούλου,
589 675 632 743 ὅτι
656 673 688 753 ἦν
711 675 851 750 στηλίτης
875 675 1002 752 γεγονὼς
1026 673 1054 737 ἐν
1077 681 1114 754 τῇ
1137 674 1220 752 eapo-

137 795 233 884 ιιᾴλει,
262 791 332 859 ἀλλ’
363 792 487 870 ἐκκόψαι
518 789 589 872 (leg.
621 785 812 860 ἐκκέκοπται,
845 793 898 847 aut
921 781 1148 865 ἑκκεκόλασιαι)
1173 783 1221 847 ἐπὶ

136 909 193 969 τῶν
217 903 386 986 τριάκοντα,
414 904 465 966 οὐκ
495 899 661 980 ἐκδέχεσθαι
690 896 766 980 ἔφη·
794 898 911 974 μᾶλλον
936 894 996 974 γαρ
1018 891 1055 958 ἂν
1078 890 1225 957 πιστεύειν

137 1015 215 1096 αὐτῷ
244 1013 310 1086 τοὺς
340 1012 510 1093 τριάκοντα,
535 1007 784 1090 ἒγγεγρυμμέυης
807 1013 860 1079 τῆς
884 1005 990 1085 ἔχθρας
1014 1001 1082 1082 πρὸς
1106 1001 1155 1068 τὸν
1177 1001 1225 1076 δῆ-

136 1146 198 1198 ιιον.
243 1122 355 1207 Itaque
378 1118 497 1205 aliquid
519 1119 558 1183 de
581 1118 647 1182 viro
670 1117 728 1180 hoc
751 1122 891 1192 constat3
916 1113 970 1178 sed
985 1110 1225 1196 distinguendus

139 1254 208 1296 sane
232 1240 278 1296 est
301 1253 320 1296 a
341 1229 550 1295 Leodamante
575 1228 766 1292 Acharnensi
788 1225 886 1292 nobili
902 1231 1038 1299 oratore,
1055 1221 1093 1287 de
1110 1242 1171 1306 quo
1187 1219 1225 1284 cl.

141 1340 264 1406 Ruhnk.
288 1341 362 1405 hist.
387 1339 455 1404 crit.
484 1337 538 1412 Or.
562 1361 592 1422 p.
617 1357 713 1414 uxm,
738 1335 851 1421 Sanpp.
875 1334 934 1419 up.
958 1333 1035 1398 Crit.
1056 1356 1086 1417 p.
1104 1335 1165 1410 20,
1182 1355 1226 1416 sq.

138 1449 209 1530 Non
238 1451 364 1515 meliore
394 1449 474 1513 fama
505 1470 598 1531 qnam
629 1445 798 1512 Leodamas
832 1453 897 1508 erat
919 1443 1133 1528 Thrasybulus
1161 1441 1230 1505 001-

140 1560 264 1644 lytensis
294 1564 377 1644 (nam
407 1560 489 1626 hunc
520 1559 684 1644 significari
694 1607 704 1636 ,
727 1579 791 1622 non
814 1556 992 1620 Stiriensem
1021 1554 1098 1618 vidit
1124 1552 1230 1618 Ruhn-

140 1670 276 1756 kenius);
305 1693 376 1735 nam
400 1669 569 1734 secundum
592 1668 832 1733 Demosthenem
854 1667 887 1730 in
910 1665 1101 1729 Timocraten
1123 1665 1140 1747 b
1165 1665 1228 1726 134

139 1781 238 1845 bisin
264 1780 394 1845 vinculis
417 1778 536 1856 fuerat3
560 1787 591 1843 et
613 1780 639 1842 si
662 1778 772 1863 Lysiae
796 1775 982 1842 credendum
1005 1777 1080 1859 §23
1098 1773 1229 1859 pecunia

141 1896 300 1974 corruptus
331 1889 462 1953 Boeotos
495 1888 532 1953 ab
557 1888 799 1953 Atheniensibus
822 1887 1023 1964 alienaverat,
1048 1907 1139 1950 naves
1163 1906 1230 1969 pro-

141 1998 274 2076 diderat,
307 1997 346 2062 ad
376 1997 486 2062 incitas
517 1996 625 2061 urbem
655 1997 831 2081 redegerat,
864 1995 1033 2080 acaptivis
1064 1994 1231 2059 Athenien-

143 2109 224 2174 sibus
248 2117 285 2173 ut
307 2109 404 2192 ipsius
427 2129 519 2191 opera
542 2107 665 2192 publice
688 2106 928 2184 redimerentur,
945 2107 1106 2191 pecuniam
1120 2113 1229 2189 pactus

146 2218 238 2302 (παρὰ
267 2222 324 2282 τῶν
354 2218 556 2298 αἰχμαλῴτου
587 2210 632 2289 οὓς
664 2191 752 2288 αὐτὸς
782 2217 937 2291 cataras,
968 2215 1124 2294 resalutare
1153 2219 1231 2292 μυοῖς

145 2327 395 2411 ἐσυκοφάντησεν,
424 2329 455 2390 οὐ
481 2326 605 2408 Φοὶσκοιυ
628 2327 735 2398 αὐτοὺς
757 2326 913 2400 λύσεσθαι,
938 2327 961 2390 cl
985 2327 1027 2403 μὴ
1050 2325 1129 2391 τοῦτ’
1152 2327 1231 2404 αὐτῷ

147 2438 226 2519 παρὰ
265 2441 349 2518 σφῶν
391 2438 485 2501 αὐτῶν
521 2435 722 2520 παράσχοιεν).
770 2434 926 2500 Nimirum
970 2435 1107 2520 quinque
1144 2435 1231 2498 annis
1339 2431 1344 2442 “

148 2555 214 2610 ante
244 2546 324 2609 hanc
354 2545 522 2608 orationem
545 2545 682 2609 habitam
706 2547 794 2629 (387)
819 2568 916 2630 quum
939 2546 1080 2610 Athenae
1104 2567 1122 2607 a
1144 2543 1232 2629 Spar·

145 2657 222 2720 tanis
254 2655 333 2718 duce
364 2653 503 2718 Teleutia
532 2678 569 2719 ex
592 2656 712 2740 Aegina
734 2655 842 2720 Piraeo
865 2656 1096 2721 imminentibus
1119 2655 1157 2719 ad
1182 2679 1233 2719 an·

146 2766 261 2849 gustias
290 2764 430 2829 redactae
454 2772 572 2842 essent,
597 2763 808 2848 Thrasybulus
828 2787 897 2830 cum
915 2772 984 2830 octo
1001 2764 1177 2830 triremibus
1195 2764 1232 2829 ab

145 2874 308 2939 Antalcida
330 2874 429 2937 victus
453 2880 527 2938 erat.
574 2875 653 2938 Xan.
678 2875 762 2940 Hell.
787 2875 826 2940 V.
854 2879 882 2940 1.
909 2879 961 2942 27.
998 2877 1026 2940 A
1050 2898 1111 2960 qua
1130 2875 1233 2952 clade,

145 3007 206 3048 rem
239 2983 390 3048 invidiose
422 3007 624 3069 exaggerans,
655 2986 767 3070 repetit
800 2985 906 3069 Lysias
937 2986 1119 3062 discrimen,
1151 2985 1233 3069 quod

146 3095 276 3160 Athenis
299 3094 494 3159 imminebat:
526 3097 577 3168 την
608 3096 692 3160 πόλιν
715 3095 778 3173 περὶ
803 3096 944 3175 σωτηρίας
967 3095 1157 3173 βουλεύεσθαι
1182 3119 1235 3159 σε·

146 3205 270 3278 σοιήκευ.
316 3201 404 3266 Idem
428 3204 507 3267 illud
532 3205 695 3292 discrimen
718 3227 820 3270 rerum
844 3205 1034 3290 significatur
1057 3229 1075 3269 a
1094 3204 1188 3289 Lysia
1204 3205 1235 3268 in

148 3314 284 3378 oratione
315 3313 383 3378 κατ’
411 3314 600 3391 Ἀλκιβιάδου
631 3314 700 3401 (14.
734 3316 771 3379 cf.
804 3338 896 3400 supra
927 3337 957 3400 p.
991 3316 1076 3399 109).
1122 3315 1237 3379 Thebis

150 3424 282 3488 multum
299 3422 431 3485 valuisse
448 3424 629 3487 auctoritate
645 3423 871 3508 Thrasybulum
888 3424 989 3502 hunc,
1006 3424 1096 3488 refert
1115 3425 1238 3489 Aeschi-

149 3556 202 3597 nes
226 3535 257 3596 3.
284 3533 358 3596 138.

192 3642 231 3706 In
279 3642 381 3706 locum
424 3642 589 3726 improbati
630 3641 848 3708 Leodamantis
880 3644 1066 3708 substitutus
1098 3644 1239 3710 Evander

150 3753 319 3837 penultimo
343 3754 416 3816 anni
437 3753 486 3816 die
503 3776 586 3818 nuno
605 3754 638 3817 in
657 3761 767 3818 senatu
786 3755 943 3840 probatur.
977 3758 1112 3819 Accusat
1127 3756 1239 3821 nobilis

151 3863 260 3947 aliquis
292 3862 508 3940 AtheniensiS,
540 3863 628 3928 cuius
656 3865 785 3928 maiores
809 3864 1013 3929 Pisistratidis
1037 3867 1099 3930 iam
1121 3868 1241 3930 restite·

151 3981 218 4036 rant
241 3972 352 4056 (simile
375 3973 451 4057 quid
471 3972 509 4037 de
526 3997 557 4037 se
574 3973 724 4059 gloriatur
740 3974 932 4054 Andocides,
954 3978 1089 4061 1.106),
1105 3979 1240 4060 paterio

151 4081 255 4146 Sicilia
278 4103 383 4146 caesus
407 4090 472 4146 erat
494 4084 521 4168 (ξ
545 4085 606 4160 21,
631 4086 707 4167 sq.),
732 4082 952 4168 contenditque
975 4085 1082 4149 fraude
1104 4085 1241 4150 Evandri

151 4193 267 4256 factum
298 4191 382 4275 qnod
412 4193 568 4270 δοκιμασία
600 4192 695 4256 dilata
718 4194 759 4256 sit
781 4200 844 4257 tam
868 4193 940 4272 diu,
964 4201 1000 4258 ut
1022 4193 1189 4272 iudicium,
1214 4195 1240 4257 si

152 4323 230 4386 opus
247 4302 302 4382 sit,
326 4303 359 4366 iu
384 4311 518 4388 tempore
536 4289 694 4376 conuocari
711 4325 773 4367 non
789 4303 920 4388 amplius
937 4305 1044 4389 possit.
1069 4303 1152 4367 Huic
1168 4326 1239 4367 vero

153 4411 327 4475 difficultati
351 4413 394 4475 sic
417 4411 638 4476 occurrendum
663 4434 727 4475 esse
747 4419 853 4496 putat,
875 4419 911 4476 ut
930 4435 984 4499 pro
1004 4413 1165 4501 Eponymo
1186 4415 1241 4477 Ar-

1084 4528 1122 4586 13
