3128 5208
678 481 719 544 33

146 706 239 762 rum,
273 683 330 747 hoc
359 683 474 749 factum
505 705 568 748 esse
600 682 637 747 ab
664 681 718 759 iis,
744 702 821 766 quos
845 703 947 744 secum
972 681 1034 765 ipse
1058 678 1237 757 adduxerit;

146 802 295 878 poterant
328 795 360 858 hi
396 794 544 860 abducere
579 816 648 858 eum
685 800 715 857 et
748 791 900 856 retrahere
930 813 1049 869 secum,
1081 790 1106 852 si
1137 791 1239 855 ebrius

147 905 244 968 nimis
280 907 382 991 turpia
416 906 604 991 designaret,
641 926 703 968 nou
738 903 826 988 quasi
861 902 966 967 hostili
997 903 1097 967 animo
1130 901 1240 986 pellere

147 1040 164 1079 e
190 1016 285 1080 domo
308 1015 469 1100 (ἐξήλασαν
492 1016 575 1101 βίᾳ),
607 1015 639 1080 in
663 1036 754 1098 quarn
777 1014 836 1099 ipsi
860 1036 981 1098 quoque
1005 1013 1034 1076 vi
1057 1013 1238 1098 irruperant.

146 1127 273 1191 Fecisse
304 1128 361 1191 hoo
393 1127 556 1192 credideris
580 1134 698 1212 praeter
721 1126 821 1210 ipsum
846 1124 1001 1188 hominem
1028 1125 1159 1201 vicinos,
1186 1123 1239 1209 qui

146 1238 291 1302 tumultu
314 1247 464 1304 nocturno
488 1239 610 1304 excitati
633 1246 702 1323 post
726 1237 881 1301 Simonem
909 1237 1033 1301 domum
1061 1236 1240 1301 intraverint

148 1350 191 1434 (οἱ
213 1354 289 1428 μετ’
306 1353 415 1417 αὐτὸν
435 1349 683 1436 εἰςελθο’ντες);
701 1349 754 1414 sed
770 1349 826 1413 hos
841 1349 1020 1434 simpliciter
1038 1372 1091 1434 per
1109 1349 1200 1413 verbe
1215 1349 1239 1413 ol

147 1461 383 1540 παραγενόμενον
407 1463 594 1547 significatos
620 1461 731 1540 fuisse,
748 1461 867 1545 reliqua
882 1469 984 1525 autem
999 1460 1110 1524 falsum
1125 1460 1241 1525 librarii

148 1570 399 1636 additamentum
432 1596 497 1637 esse
531 1571 720 1658 probabilius
757 1571 847 1636 duoo.
894 1570 1016 1635 Scilicet
1050 1571 1242 1655 importunus

149 1681 304 1765 interpres
327 1703 389 1745 non
413 1681 609 1768 intellegebat
632 1683 690 1746 hoo
715 1682 782 1746 loeo
807 1689 837 1746 et
859 1684 876 1768 t
901 1685 940 1746 18
964 1683 989 1747 ol
1012 1683 1240 1762 rapxysro'urror

149 1813 216 1854 non
248 1814 313 1856 esse
344 1793 471 1858 comites
497 1793 647 1871 Simonis;
672 1793 724 1857 sed
748 1793 804 1856 hos
828 1793 992 1878 significari
1015 1801 1100 1857 retus
1124 1794 1242 1858 addidit

150 1903 208 1966 illa
231 1905 281 1969 acl
305 1908 373 1982 μετ’
396 1909 486 1972 αὐτοῦ
509 1906 647 1976 ἐλθόντες.

196 2016 215 2099 S
239 2017 269 2079 8.
317 2016 415 2081 Domo
447 2027 554 2082 evocat
584 2016 773 2082 defensorem
802 2015 902 2092 Simn,
927 2038 1057 2101 eumque
1081 2016 1183 2080 statim
1208 2020 1243 2080 ut

151 2126 272 2210 prodiit
297 2128 441 2193 verberat.
477 2129 594 2203 Ἐπειδὴ
608 2131 633 2192 δ’
647 2127 734 2193 αὐτὸν
747 2128 919 2211 (τύπτοντα)
931 2127 1085 2206 ἠμυνάμην
1096 2129 1240 2206 serrae,

151 2237 271 2314 ἔβαλλέ
294 2262 334 2314 με
355 2238 449 2310 λίθοις.
496 2237 571 2302 Post
593 2237 769 2315 Reislrium,
793 2238 844 2323 qui
861 2236 984 2322 Toylori
1001 2239 1242 2304 emendationem

153 2347 330 2431 ἠμυνάμην,
354 2349 462 2420 ἕνωττές
487 2349 657 2434 improbat,
682 2350 899 2433 acquieverunt
923 2349 1053 2414 editores
1072 2328 1243 2435 invulgata

151 2457 298 2522 lectione.
347 2461 374 2522 A
406 2458 536 2544 'layloro
567 2460 633 2524 iure
665 2459 807 2524 dissentit
837 2459 995 2538 Reiskius,
1027 2461 1080 2524 sed
1103 2461 1244 2546 vulgatae

153 2568 311 2646 defensio,
347 2592 439 2654 quam
471 2571 536 2656 ipse
559 2572 704 2657 suscipit,
730 2572 795 2634 siue
819 2572 1026 2636 controversia
1048 2572 1247 2658 improbanda

154 2689 214 2744 est.
261 2681 466 2764 Distingueus
502 2683 582 2747 enim
614 2693 684 2747 aute
708 2683 812 2754 ἐνττνὶς
837 2683 881 2746 ita
904 2683 1138 2767 interpretatur:
1163 2705 1247 2760 „non

153 2793 269 2871 „satis
301 2793 422 2877 inquit,
455 2793 588 2858 habebat
618 2794 701 2860 Simo
736 2817 783 2858 me
807 2795 919 2879 pugnis
942 2794 1108 2858 verberare.
1143 2793 1244 2858 Etiam

154 2902 301 2981 ,,ε’νττνὶς,
333 2927 444 2989 urgens
475 2929 523 2971 me
554 2915 647 2991 atque
675 2907 845 2992 fugientem
870 2929 1070 2990 persequens,
1095 2907 1175 2970 saxis
1198 2929 1245 2971 me

155 3015 334 3098 „petebat”
380 3015 440 3080 Sed
462 3017 521 3081 iste
534 3021 702 3102 fugientem
719 3040 901 3103 persequens
921 3018 1011 3104 plane
1030 3042 1048 3081 e
1064 3018 1130 3082 loco
1147 3018 1245 3083 aliena

156 3133 247 3203 sunt,
272 3127 305 3189 in
329 3149 390 3211 quo
414 3127 525 3192 diserte
548 3129 574 3192 is
599 3130 652 3213 qui
675 3151 798 3193 causam
823 3152 906 3193 nunc
928 3128 1020 3205 dicit,
1045 3129 1196 3194 Simonem
1214 3154 1244 3195 se

157 3256 174 3297 a
198 3256 322 3320 corpore
345 3259 400 3300 suo
424 3239 556 3303 arcuisse
581 3238 656 3304 dicit
678 3241 873 3322 (vindicetur)
880 3267 889 3320 5
914 3239 940 3304 is
964 3241 1017 3323 qui
1041 3247 1161 3304 arcetur
1184 3265 1245 3305 uon

157 3345 340 3428 insequitur.
385 3346 478 3427 Quod
509 3350 641 3414 sentiens
665 3349 808 3414 Reislrius
833 3358 957 3436 „potest
979 3351 1101 3423 ἐνττνὶς,
1126 3352 1245 3436 inquit,

157 3456 342 3532 „etiamad
372 3481 456 3523 reum
488 3461 592 3525 referri
625 3462 793 3546 [ἠμυνάμην
817 3462 935 3546 ἕνττνές]
947 3511 957 3540 ,
982 3470 1017 3527 ut
1040 3462 1113 3526 haee
1137 3465 1246 3528 existat

158 3567 345 3643 „sententim
377 3571 495 3652 „„quia
525 3593 596 3635 vero
628 3593 683 3657 ego
715 3595 785 3636 eum
816 3572 999 3658 repellebam
1027 3580 1056 3636 et
1079 3572 1246 3638 ulciscebar

159 3679 321 3755 „,‚instans
352 3689 382 3743 et
413 3703 524 3765 urgens
555 3683 748 3761 verberibus,
781 3685 872 3769 petiit
903 3706 951 3747 me
975 3684 1109 3747 saxis.’'”·
1150 3683 1244 3748 Vides

160 3787 331 3866 hominem,
357 3790 411 3873 qui
434 3799 539 3874 urgeat
562 3791 736 3858 verberibus
760 3803 790 3858 et
815 3817 830 3858 e
851 3795 978 3880 vestigio
994 3796 1188 3879 insequatur,
1206 3795 1244 3860 ab

162 3900 265 3964 eodem
294 3922 383 3983 quem
411 3910 516 3986 arpent
538 3904 618 3967 saxis
641 3905 790 3989 petitum,
815 3905 897 3990 quod
921 3905 1097 3982 absurdum.
1133 3906 1244 3970 Verius

161 4009 304 4076 Reiskius
321 4012 534 4078 animadvertit
549 4014 672 4100 Teylori
687 4017 894 4082 coniecturam
909 4027 1068 4103 propterea
1083 4041 1146 4083 nou
1158 4042 1245 4104 posse

162 4122 300 4204 probari,
332 4123 415 4207 quod
438 4126 573 4201 ἐκστῆναι
597 4127 680 4212 apud
704 4129 824 4192 Atticos
848 4130 971 4214 propria
994 4129 1110 4212 (locali)
1135 4130 1246 4214 signifi·

164 4233 290 4297 catione
304 4243 486 4318 usurpatum
509 4258 571 4300 non
595 4238 689 4322 possit
714 4238 853 4304 absolute
878 4241 968 4326 poui3
986 4241 1057 4305 addi
1073 4243 1153 4305 euim
1170 4241 1247 4305 solet

166 4344 316 4425 genitivus
339 4353 391 4420 τῆς
413 4346 492 4420 ὁδοῦ,
516 4350 548 4412 ἐκ
571 4354 622 4413 τοῦ
644 4355 751 4433 μέσον,
776 4328 844 4415 eliu
879 4351 946 4416 Nec
966 4361 1036 4417 utor
1051 4352 1158 4438 Eurip.
1175 4351 1244 4437 lph.

166 4449 255 4518 Taur.
285 4457 385 4519 1198:
409 4458 553 4542 Osdyer’,
577 4458 730 4537 ἐξίστασθε
736 4511 746 4546 ‚
770 4464 813 4541 μή
835 4488 876 4545 τῳ
899 4463 1044 4546 προσπέσῃ
1060 4465 1150 4541 μύσος
1162 4464 1245 4537 τάδε,

1107 4579 1127 4636 3
