3126 5210
855 485 917 545 188

340 695 402 740 nou
433 675 691 741 obsecundarunt.
742 678 803 742 Pro
834 678 926 744 οὶκούιι
957 677 1029 742 libri
1060 677 1175 742 habeut
1202 680 1364 760 οὶκοόοροενς
1397 705 1435 745 ex

341 785 494 849 constanti
525 808 584 850 usu
606 786 716 871 Lysiae
740 789 904 874 singularis
927 789 1104 872 requiritur.
1152 787 1314 854 Scheibius
1338 791 1435 856 οὶκοόιι

340 894 405 971 μέν.
446 894 495 959 Sic
519 919 589 960 vcro
611 898 666 975 μέν
689 921 743 962 suo
766 899 835 963 loco
859 898 1028 962 divellitur.

385 1005 454 1088 pb.
497 1002 555 1070 Ἂν
577 1006 607 1070 δὲ
629 1006 679 1070 nal
703 1009 750 1071 ἐπὶ
774 1008 878 1073 τοιόνδε
901 1008 989 1084 λόγον
1011 1005 1195 1088 τράπωνται,
1228 1010 1265 1079 ὡς
1289 1011 1302 1074 ό
1330 1011 1435 1090 χρόνος

339 1115 390 1177 οὐκ
413 1115 542 1193 ἐγχωρεῖ
561 1111 652 1180 ἄλλον
674 1119 878 1197 ἀποκληρῶσαι
894 1155 955 1192 -,
980 1114 1046 1181 τόδ’
1063 1117 1249 1192 ἐνθυμήθητε,
1272 1117 1315 1182 ότι
1332 1118 1434 1184 πόλοιι

339 1225 352 1288 ό
375 1222 474 1302 χρόνος
497 1223 547 1298 ἤδη
570 1227 777 1304 παρελήλυθεν.
817 1226 908 1306 Quod
925 1227 962 1291 ab
981 1226 1153 1290 adversario
1170 1225 1331 1305 obiicitur,
1358 1235 1435 1292 tem·

339 1355 398 1415 pur
429 1355 491 1397 nou
522 1333 658 1398 sufficere
688 1335 727 1399 ad
757 1337 853 1400 alium
875 1337 1051 1401 archontem
1080 1357 1136 1420 pro
1159 1336 1302 1400 Evandro
1327 1359 1433 1401 crean-

340 1441 431 1518 dum,
462 1443 494 1506 id
525 1467 588 1508 non
611 1446 714 1510 statim
737 1447 888 1511 refellitur
911 1447 949 1511 ab
973 1451 1092 1510 oratore
1121 1445 1173 1509 sed
1198 1445 1284 1530 prins
1308 1447 1346 1510 ab
1373 1447 1432 1510 boc

339 1560 519 1636 argumento
550 1555 633 1638 quod
663 1557 695 1621 ἐκ
725 1562 776 1621 τοῦ
806 1555 947 1622 &laudaro
974 1556 1152 1641 petebatur,
1178 1556 1288 1620 avertit
1311 1556 1433 1619 animos
1542 1585 1543 1636 ρ

340 1660 379 1723 ad
410 1661 485 1725 iram
516 1670 623 1728 contra
653 1664 847 1744 Evandrum
884 1667 1018 1730 sectione
1050 1664 1173 1730 demum
1206 1667 1243 1742 8,
1276 1666 1433 1749 quomodo
1542 1657 1543 1738 i

340 1771 437 1854 possit
459 1772 530 1836 huie
554 1772 726 1839 difficultati
750 1775 868 1840 occurri
892 1774 985 1852 dicit,
1010 1774 1126 1852 πότερον
1149 1776 1230 1857 uia,
1256 1800 1283 1839 κ.
1308 1799 1337 1838 τ.
1363 1777 1387 1841 ἕ.

384 1879 490 1965 Pergit
513 1890 631 1947 orator:
663 1887 680 1959 ἡ
703 1885 763 1963 γόιρ
786 1885 880 1964 οὔριον
904 1885 998 1965 ἡμέρου
1019 1883 1092 1960 μόνη
1115 1884 1201 1957 λοιπὴ
1224 1889 1274 1948 τοῦ
1299 1885 1431 1949 ἕνιοιυτοῦ

339 1990 432 2071 ἔστιν,
456 1991 485 2054 ἕν
508 1991 538 2056 δὲ
559 1991 655 2073 rastra
677 1995 718 2073 τῷ
742 1991 794 2058 Διῒ
813 1995 854 2074 τῷ
876 2002 980 2073 σωτῆρι
1003 1995 1087 2058 όυοόιι
1110 1994 1266 2072 γίννετοιι,
1292 1993 1432 2067 δικαστή-

338 2122 392 2178 ριον
423 2099 452 2162 δὲ
481 2102 563 2180 aare
593 2103 659 2173 τοὺς
690 2102 791 2178 νόμους
821 2103 962 2169 οὶδόνοιτον
992 2104 1182 2182 πληρυόῆνοιι.
1230 2103 1372 2186 Apparet
1396 2123 1432 2165 ex

341 2208 398 2271 boc
425 2208 491 2272 loco
515 2208 711 2274 docimasiani
733 2211 915 2275 archontum
939 2212 1071 2295 priorem
1099 2212 1130 2274 in
1156 2217 1263 2275 senatu
1294 2211 1433 2275 habitam

341 2341 422 2395 esse,
448 2319 575 2384 alteram
598 2322 629 2384 in
652 2322 766 2386 iudicio
791 2321 849 2384 hoc
873 2328 1009 2405 tempore
1031 2343 1093 2384 non
1109 2321 1309 2384 necessariam
1325 2321 1431 2384 fuisse.

340 2426 474 2491 Putabat
497 2430 577 2493 enim
601 2430 742 2493 Evander
766 2431 857 2493 etiam
882 2430 948 2493 siue
972 2429 1154 2514 probatione
1177 2429 1316 2493 iudicum
1340 2452 1431 2513 posse

341 2558 372 2600 se
396 2537 550 2602 archontis
573 2561 685 2602 munus
709 2539 861 2622 suscipere
884 2560 939 2602 uec
963 2538 1185 2602 thesmothetas
1209 2538 1369 2622 probabile
1385 2545 1432 2602 est

340 2648 426 2712 aliud
449 2649 609 2726 statuisse,
642 2649 695 2733 qui
719 2649 831 2712 scirent
854 2648 1001 2712 ultimum
1029 2648 1101 2713 anni
1125 2648 1206 2712 diem
1227 2648 1341 2712 festum
1366 2671 1431 2712 esse

340 2765 371 2820 et
393 2757 520 2840 ἄφετόν,
547 2765 577 2822 et
599 2765 702 2822 tamen
724 2759 896 2843 penultimo
914 2757 1044 2850 'demum
1060 2757 1099 2821 ad
1115 2758 1328 2842 probationem
1345 2781 1430 2822 sena-

339 2872 406 2929 tum
437 2878 662 2933 convocassent.
709 2869 840 2932 Fallitur
871 2868 1066 2932 Hermanuus
1091 2868 1198 2951 Antiq.
1223 2869 1239 2949 b
1265 2870 1338 2930 148.
1367 2870 1429 2945 12,

339 2974 442 3041 dicens
474 2979 599 3042 alteram
630 2980 812 3043 archontum
843 2979 1056 3063 probationem
1086 2979 1118 3042 in
1151 2985 1260 3042 senatu
1292 2976 1430 3040 habitam
1543 2979 1544 3064 ζ

339 3085 443 3150 fuisse.
489 3086 538 3151 Ne
569 3087 667 3152 dicam
698 3087 736 3151 de
766 3087 916 3152 vocabulo
945 3087 1121 3166 transcriptor
1151 3124 1197 3135 -
1224 3085 1308 3170 quod
1331 3085 1431 3168 possit
1543 3095 1544 3102 ’

339 3195 408 3258 coll.
442 3199 494 3259 31.
530 3200 546 3259 l
579 3199 636 3274 ἐγὼ
668 3197 801 3279 (senator
831 3197 869 3260 cf.
901 3197 919 3280 t
950 3193 1429 3278 1)ιόμοόυςειςιλοονειςτὸ

337 3305 514 3386 δικοιστιόριον
542 3309 583 3371 τόν
612 3306 760 3382 βέλτιστοι
788 3306 1017 3383 συμβουλεύσειν
1047 3315 1084 3386 τῇ
1116 3305 1199 3370 πόλει
1227 3326 1297 3368 cum
1326 3303 1430 3387 aliqua

337 3413 550 3498 probabilitate
573 3413 611 3477 de
634 3421 744 3479 senatu
766 3414 905 3497 intellegi
927 3452 973 3463 -
996 3414 1108 3478 diserte
1133 3414 1321 3477 contrarium
1336 3413 1429 3476 refert

339 3522 428 3587 Deru.
457 3522 546 3608 Lept.
571 3527 647 3609 (20).
673 3528 731 3588 90:
764 3529 796 3590 οὐ
818 3525 878 3605 aaa
901 3523 969 3606 ᾤετο
994 3513 1007 3588 ό
1031 3524 1196 3589 Σόλων-
1219 3525 1286 3594 τοὺς
1310 3525 1364 3602 μὲν
1387 3525 1430 3586 a·

340 3634 482 3712 σμοόέτοιρ
505 3673 550 3683 -
568 3633 609 3707 aa
630 3634 855 3714 δοκιμασθέντος
875 3635 992 3714 ἄρχειν,
1018 3632 1046 3698 ἕν
1069 3659 1103 3698 τε
1123 3642 1160 3714 τῇ
1179 3633 1274 3714 βουλῇ
1291 3633 1341 3697 aul
1358 3632 1429 3711 παρ’

340 3746 407 3821 ὑμῖν
430 3745 458 3808 ἐν
481 3746 521 3825 τῷ
545 3744 731 3826 δικοιοτνρρίιρ,
756 3743 823 3814 τοὺς
846 3743 876 3807 δὲ
900 3740 1000 3821 νόμους
1025 3742 1149 3817 αὐτούς,
1174 3766 1201 3807 κ.
1225 3767 1253 3806 τ.
1279 3743 1302 3805 ἓ.
1349 3741 1428 3805 Tum

340 3856 480 3932 demum,
505 3853 531 3918 si
554 3876 616 3918 non
639 3853 816 3938 probandus
836 3852 992 3917 videretur
1007 3852 1129 3916 senatui
1145 3851 1275 3929 archon,
1301 3852 1340 3914 ad
1356 3851 1430 3914 heli·

340 3987 443 4041 aeam,
467 3964 517 4028 eui
540 3970 700 4047 praeerant
722 3962 964 4039 thesmuthetae,
987 3984 1035 4025 res
1059 3960 1271 4039 deferebatur,
1297 3968 1333 4025 ut
1347 3967 1429 4024 recte

340 4079 483 4137 statuunt
512 4071 646 4136 Meierus
679 4079 710 4136 et
740 4071 991 4148 salamannus,
1023 4069 1111 4133 Proo.
1143 4093 1174 4154 p.
1207 4072 1290 4147 204,
1315 4091 1360 4153 sq.
1384 4106 1429 4118 -

341 4182 402 4246 Pro
425 4183 603 4261 πληρωθῆναι
626 4180 828 4244 Marklandus
852 4187 883 4244 et
909 4178 1052 4244 Dobrcus
1074 4179 1259 4256 κλνρυόῆνοοι.
1306 4177 1367 4242 Sed
1390 4177 1427 4241 cf.

342 4292 431 4355 Dem.
454 4289 585 4353 Timocr.
610 4291 686 4373 (24.)
705 4290 764 4352 58:
789 4290 829 4353 τόι
845 4289 1033 4368 δικαστήριον,
1057 4286 1360 4367 ἃδνρριοκροιτουριένιρς
1376 4296 1428 4361 τῆς

342 4401 454 4473 πόλεως
472 4402 503 4464 ἐκ
520 4405 576 4464 τῶν
590 4398 782 4477 όριιιριοκότοιν
797 4405 965 4480 πληροῦται.
990 4398 1038 4464 Ib.
1056 4401 1116 4462 92:
1140 4401 1238 4463 οὐκοῦν
1253 4398 1337 4463 τοιῦό
1353 4395 1427 4469 incr
