3074 5210
9 4031 20 4050 ¹.
137 4025 186 4079 clxv.
198 4048 202 4056 .

107 4063 112 4075 1

805 424 847 486 88

280 643 376 699 eastra
403 657 466 700 non
493 624 640 712 venisset,
666 634 718 698 scd
742 634 821 718 quis·
835 633 938 697 eredat
962 623 1020 696 hoc
1044 632 1197 716 singulare
1221 630 1375 694 delictum

278 746 407 811 militare
431 747 566 830 praetexi
589 746 742 830 potuisse,
756 753 792 808 nt
809 743 937 829 capitale
953 743 1102 810 iudicium
1117 743 1305 806 intentarent
1322 741 1373 805 ei?

280 857 328 920 Ad
353 863 451 920 castra
472 879 533 920 non
557 864 680 921 venerat
701 864 738 919 nt
752 855 796 920 ibi
812 894 857 903 -
872 854 1034 932 dormiret,
1052 863 1083 918 et
1098 861 1257 940 propterea
1271 859 1374 916 morte

278 967 390 1052 dignus
414 968 496 1040 visus
520 967 619 1031 esset?
655 965 825 1030 ·Scheibius
850 963 932 1049 Olig.
950 963 1048 1028 Umw.
1065 987 1095 1049 p.
1113 967 1155 1027 42
1172 961 1371 1047 (conf.Vind.

278 1101 307 1162 p.
334 1080 386 1162 67)
410 1079 646 1162 interpretatur,
670 1079 733 1141 non
756 1083 881 1162 praesto
906 1097 977 1140 eum
998 1075 1093 1139 fuisse
1116 1075 1154 1138 ad
1178 1097 1277 1152 arma,
1296 1097 1374 1158 quo·

277 1191 360 1254 niam
383 1191 536 1274 quiescere
560 1189 668 1267 vellet;
694 1190 768 1252 satis
792 1188 946 1274 languide.
994 1189 1075 1253 Mihi
1099 1186 1207 1272 Lysias
1227 1210 1281 1273 pro
1297 1188 1371 1251 άνα-

277 1300 458 1375 παυσάμενος
490 1302 575 1366 aliud
606 1279 761 1385 scripsisse
786 1300 926 1377 videtur;
952 1300 1082 1364 coniicio
1106 1297 1372 1375 ἀνακαλεσάμενοι.

278 1413 385 1499 Specie
419 1412 543 1498 quidem
576 1412 623 1477 illi
657 1416 825 1477 obiecerunt
859 1411 942 1496 quod
974 1411 1013 1474 ad
1045 1433 1128 1475 arma
1158 1433 1221 1475 non
1252 1417 1373 1496 praesto

277 1525 394 1588 fuisset.
430 1523 567 1590 Verbum
590 1526 800 1589 άνακοιλεῖσθαι
824 1524 868 1587 ita
891 1522 1006 1589 dicitur
1029 1547 1122 1609 supra
1146 1527 1176 1587 9.
1204 1527 1219 1589 7
1247 1533 1277 1588 et
1301 1523 1339 1587 al.

323 1635 340 1720 p
364 1637 414 1698 14.
462 1635 511 1700 καὶ
528 1635 610 1702 αὐτοὶ
627 1636 681 1700 ὑτδ
697 1641 752 1700 τῶν
764 1637 920 1716 τριάκοντα
931 1634 1130 1713 ἐξηλάθημεν·
1146 1630 1176 1707 ἦν
1188 1635 1247 1716 γάρ
1258 1673 1302 1682 -
1314 1631 1373 1698 θλα

279 1747 319 1811 τά
344 1747 445 1826 μακρά
468 1745 555 1826 τείχη
579 1745 755 1826 διασκάψαι.
786 1745 937 1810 ¹Litteras
960 1755 1015 1812 EN
1039 1753 1108 1831 post
1126 1745 1306 1823 ἐξηλάθημεν
1325 1768 1371 1809 re·

233 1925 235 1929 ,
280 1858 426 1944 petendas
457 1866 567 1942 puto:.
582 1861 661 1932 ἕνην,
694 1859 792 1922 inerat
823 1858 855 1921 in
888 1857 1119 1923 condicionibus
1143 1857 1237 1942 pacis.
1284 1855 1370 1934 Infra

281 1991 403 2055 qnoque
433 1949 519 2054 §⁴70
549 1970 674 2047 οὐδαμοῦ
696 1969 756 2050 γάρ
779 1970 856 2034 ἐστιν
879 1969 1040 2050 Ἀγόρατον
1063 1971 1209 2044 Ἀθηναῖον
1232 1965 1302 2034 εἶναι
1325 1991 1370 2031 re·

282 2080 471 2147 stitnendum
493 2081 600 2147 ἔνεστιν
607 2131 616 2164 ‚
644 2082 717 2146 nim.
743 2083 776 2144 in
799 2081 914 2145 tabulis
938 2080 1087 2166 publicis,
1112 2080 1370 2164 quemadmodum

280 2199 361 2255 recte
384 2191 422 2257 de
445 2192 565 2258 foedare
589 2192 670 2277 apud
692 2192 789 2257 Thuc.
802 2191 894 2256 VIII.
919 2195 981 2255 40:
1003 2194 1104 2258 ἐνεῖναι
1125 2193 1184 2270 γάρ
1205 2193 1254 2258 καὶ
1270 2193 1369 2266 νάοονς

282 2303 405 2374 anam
437 2305 527 2368 πάλιν
554 2303 703 2369 δουλεύειν.
751 2303 845 2389 Apud
878 2304 1037 2368 Demosth.
1065 2306 1115 2368 le.
1141 2307 1200 2367 ⁶25:
1226 2305 1253 2368 ἐν
1276 2304 1373 2384 ταάτη

248 2491 252 2504 ¹
281 2415 416 2495 χρήματ’
439 2415 516 2479 ἔστιν
536 2414 715 2479 Dindorfius
739 2437 775 2478 ex
798 2414 865 2478 eod.
891 2425 916 2479 Σ
939 2415 1075 2478 restituit
1098 2413 1214 2479 ἔνεστιν.
1239 2414 1277 2494 In
1303 2436 1374 2478 con-

282 2526 405 2589 trariam
429 2533 544 2610 partem
568 2524 648 2610 apud
672 2524 910 2614 Xenophontem
932 2524 993 2588 GP.
1018 2523 1063 2588 II.
1089 2527 1119 2588 2.
1146 2528 1187 2587 26
1212 2532 1372 2611 peccatum

282 2635 416 2713 videtur,
442 2635 496 2699 ubi
520 2635 600 2720 quod
626 2637 754 2722 legitur:
779 2635 844 2716 οὔτε
869 2637 929 2718 γάρ
952 2633 1036 2715 άρμα
1054 2637 1144 2710 δάντοο
1167 2639 1251 2718 ταχὺ
1266 2636 1373 2714 γένοιτ’

282 2749 318 2814 άν
341 2748 468 2830 βραδέων
491 2747 585 2815 ἵππον
608 2749 754 2814 ἐνόντων
778 2770 873 2834 paene
895 2748 1070 2842 ridiculum.
1111 2747 1149 2812 In
1170 2747 1279 2833 Lysiae
1302 2749 1371 2812 loco

183 2943 187 2950 ¹
282 2863 344 2936 ἐνῆν
367 2861 505 2925 restituit
527 2862 618 2924 etiam
642 2860 846 2926 Halbertsma.

328 2973 345 3056 p
369 2973 419 3034 15.
466 2970 553 3035 Pacis
585 2970 791 3062 condiciones*
810 2971 951 3037 afferente
975 2971 1162 3036 Theramene
1186 2993 1274 3057 aegre
1297 2972 1371 3036 fere-

284 3082 358 3146 bant
392 3081 533 3167 quidam:
569 3083 684 3162 άριῖιντει
715 3084 738 3147 δ’
766 3080 838 3149 οὗτοι
872 3085 896 3148 οἱ
918 3083 1015 3162 ἄνδρες
1051 3081 1170 3159 θνθματι
1190 3084 1243 3160 μὲν
1268 3085 1375 3165 εἰρήνην

282 3191 495 3272 λεγομένην,
513 3197 553 3276 τῷ
569 3195 593 3258 δ’
606 3193 678 3276 ἔργῳ
693 3197 744 3270 τὴν
762 3195 956 3275 δημοκρατίαν
968 3195 1196 3272 καταλυομένην.
1216 3195 1372 3280 HirscbIg.

229 3301 232 3314 ¹
282 3305 453 3383 νενομένην;
476 3307 528 3370 sed
552 3330 610 3392 pax
633 3307 772 3372 nondum
795 3315 859 3372 arat
881 3308 971 3371 facta.
1020 3307 1191 3385 Λενομὲνην
1215 3308 1376 3392 glossavi-

283 3416 372 3480 detur
395 3439 481 3481 verae
505 3417 644 3482 lectionis
666 3419 865 3506 φερομένην
888 3418 990 3496 „illud
1007 3416 1089 3502 quod
1107 3417 1305 3496 afferebatur,
1322 3442 1376 3483 no-

282 3528 364 3592 mine
387 3551 445 3612 pax
468 3528 563 3592 erat.”
597 3528 739 3593 Proxima
760 3531 777 3614 p
796 3551 851 3614 pro
870 3531 975 3610 εἰρήνην
996 3531 1232 3613 ποιήσασθαι,
1254 3532 1375 3614 requiro

286 3663 412 3713 ποιησαι.

329 3752 346 3834 d
370 3753 420 3815 lr.
467 3751 552 3826 γνοὺς
575 3751 605 3814 δὲ
626 3753 710 3817 ταῦθ’
733 3753 746 3815 ὂ
767 3749 936 3830 Θηραμένης
959 3791 1003 3802 -
1022 3750 1064 3818 ὅτι
1083 3754 1138 3818 οἶσθ
1158 3777 1239 3824 τινες.
1263 3756 1375 3815 Ταῦτα

286 3861 373 3925 eiecit
402 3860 640 3936 HerwerdenuS‚
672 3868 708 3924 ut
739 3868 810 3924 ante
834 3867 911 3926 ‘eum
943 3862 1101 3941 Bromius;
1127 3862 1319 3927 Hamakerus
1343 3862 1375 3925 ἔκ

283 3972 398 4037 τούτων.
435 3970 514 4035 Vere
538 3971 789 4036 Westermannus
815 3974 929 4058 (progr.
953 3973 1039 4060 Lipa
1069 3976 1151 4038 1860
1176 3997 1207 4058 p.
1234 3977 1266 4059 4)
1289 3973 1375 4050 γνοὺς

286 4082 312 4146 δ’
335 4082 448 4147 ἐνταῦθ’
472 4083 485 4146 ὁ
509 4093 545 4147 Θ.

330 4196 346 4278 p
371 4196 422 4257 19.
470 4193 618 4267 ἐβούλοντ’
641 4191 686 4258 οὖν
710 4193 820 4258 άκοντα
843 4194 931 4260 δοκεῖν
957 4196 1043 4260 αὐτὸν
1056 4188 1115 4260 ’καὶ
1139 4197 1181 4273 μη
1200 4196 1303 4260 ἑκόντα
1318 4221 1375 4272 μη-

287 4306 376 4382 νύειν,
409 4305 484 4376 ὄντος
516 4303 674 4385 πιστότερα
706 4307 772 4382 ὑμῖν
800 4307 994 4389 ὑποφαίνοιτο.
1041 4306 1263 4372 Herwerdenus
1286 4306 1377 4371 verba

289 4419 340 4480 καὶ
364 4419 405 4494 μη
422 4417 532 4481 ..ἑκόντα
555 4416 672 4480 indicat
695 4415 860 4500 magistelli
883 4439 947 4482 esse
971 4418 1227 4496 additamentum
1252 4418 1305 4482 sed
1327 4417 1376 4481 ad·
