3074 5210
792 493 795 506 .
854 447 914 506 144

340 663 438 704 crasso
466 641 518 704 filo
547 642 746 739 componitam
769 643 925 721 existimo,
950 651 986 707 ut
1008 646 1304 724 „contemnendam”
1328 645 1426 711 dicere

340 752 477 818 audeam.
525 753 627 817 Multa
657 754 739 817 enim
769 753 876 817 insunt
906 754 939 817 in
970 776 1004 818 ea
1030 765 1092 819 tam
1116 757 1231 821 insulsa
1254 765 1284 820 et
1307 759 1426 843 inepta,

339 873 375 929 ut
398 888 491 949 quare
518 867 580 930 sint
602 865 802 952 improbanda
824 887 886 929 non
910 866 1002 950 longa
1025 847 1284 934 demonatratione
1307 879 1425 955 egeant.

340 977 389 1042 Sic
413 977 517 1041 statim

384 1092 400 1174 ᾗ
428 1093 455 1154 1.
502 1089 534 1152 ού
549 1111 597 1166 μοι
622 1088 698 1153 δοκεῖ
716 1097 821 1169 χρῆναι
842 1089 1000 1169 ὀργίζεσθαι
1018 1091 1096 1168 ὑμᾶς
1115 1094 1155 1172 τῷ
1174 1091 1293 1171 όνόμαπι
1313 1097 1354 1176 τῷ
1374 1100 1427 1159 τῶν

338 1203 540 1282 τετρακοσίων,
565 1201 648 1264 αλλόο
671 1208 729 1270 τοῖς
753 1198 844 1279 ἔργοις
868 1201 973 1266 ἐνίων.
1010 1199 1171 1266 Claudicat
1194 1204 1226 1267 in
1245 1203 1293 1267 his
1310 1206 1426 1290 opposi-

337 1314 381 1376 tio
390 1339 399 1390 ;
420 1312 555 1396 requiras
574 1311 658 1375 οίλλοὶ
678 1314 793 1386 μᾶλλον
812 1318 869 1382 τοῖς
888 1311 993 1395 ἐργοις,
1013 1312 1060 1376 vel
1078 1317 1267 1394 τετρακοσίων
1279 1317 1424 1380 οὶποίντων.

383 1426 421 1490 Οἱ
444 1425 497 1503 μὲν
521 1422 579 1501 γαρ
602 1422 864 1499 ἐπιβουλεύσαντες
889 1420 961 1498 ἦσαν
981 1427 1076 1489 αὐτῶν
1095 1448 1150 1510 pro
1170 1427 1423 1504 ἐπιβουλεύσοντος

315 1523 405 1612 ύμῖν
427 1535 625 1617 συνίστασαν,
649 1540 703 1597 aut
727 1534 807 1611 ἐπιβ.
833 1535 899 1611 ὑμίν
923 1536 1037 1614 κοίλαν,
1062 1538 1086 1600 οἱ
1110 1537 1134 1600 δ’
1156 1562 1184 1604 κ.
1209 1564 1236 1602 τ.
1261 1542 1284 1605 ἐ.

381 1649 450 1732 ξύ.
497 1653 688 1726 κατηγοροῦσι
720 1645 742 1709 δ’
773 1650 863 1711 αὐτοῦ
893 1650 929 1720 ὡς
954 1650 1004 1714 οὐκ
1027 1647 1120 1722 εύνους
1144 1645 1175 1722 ἦν
1199 1653 1238 1731 τῷ
1262 1651 1364 1724 πλήθει
1387 1675 1442 1729 τω

337 1758 479 1840 ὑμετέρῳ,
501 1758 618 1836 αἱρεθείς
639 1756 693 1821 ὑπὸ
711 1763 765 1821 τῶν
786 1763 936 1841 φυλετῶν,
958 1755 983 1823 οἳ
1001 1757 1107 1840 όίριστα
1119 1753 1260 1838 διαγνοῖεν
1272 1760 1307 1826 όον
1320 1785 1349 1827 κ.
1362 1786 1389 1825 τ.
1402 1762 1423 1824 ἐ.

336 1871 368 1952 (i.
393 1894 418 1934 e.
447 1868 524 1948 „sed
548 1869 661 1932 electus
686 1877 730 1933 est
754 1892 772 1931 a
795 1869 978 1948 tribulibus,
1004 1873 1058 1955 qui
1081 1873 1195 1956 optime
1219 1872 1423 1956 novissent''),

337 2004 391 2067 pro
415 1981 507 2064 ᾑρέθη
520 1981 624 2060 μέντοι.

378 2096 448 2178 §tt
495 2093 610 2174 πότερον
632 2094 668 2162 όνς
693 2091 805 2167 ἡλικίαν
828 2117 855 2156 κ.
880 2117 908 2156 τ.
933 2093 956 2155 ἑ.
984 2099 1135 2178 corrupta.

380 2207 419 2276 είς
442 2209 497 2268 τῶν
521 2203 661 2284 ὑμετέρων
682 2202 748 2266 τινοί
772 2224 826 2286 pro
851 2205 890 2274 είς
914 2208 968 2266 τῶν
992 2205 1099 2268 παίδων
1123 2210 1177 2270 τῶν
1201 2207 1256 2283 ύμ.
1282 2205 1358 2270 τινοί.

380 2313 456 2396 ὁρᾶτ’
478 2317 566 2378 αὐτοῦ
586 2314 638 2386 την
659 2314 787 2389 ἡλικίαν,
809 2311 825 2389 ἣ
845 2314 893 2376 καί
911 2315 976 2382 τοὺς
989 2311 1096 2386 ν’ίλλους
1108 2315 1204 2387 ἱκανός
1216 2320 1292 2380 ἐστιν
1304 2315 1422 2394 οίποτρέ-

335 2451 399 2491 πειν
418 2426 525 2490 τούτων
546 2447 599 2508 pro
615 2423 648 2488 δι’
669 2419 700 2498 ἣν
721 2422 840 2508 (Cobet)
858 2432 910 2486 ant
922 2419 938 2499 ἣ
952 2425 1029 2509 [καί]
1043 2426 1108 2498 τοὺς
1121 2426 1229 2499 σίλλους
1242 2428 1326 2500 ἱκανοί
1340 2429 1421 2490 ε’στιν.

378 2539 395 2621 ᾗ
418 2541 448 2599 4.
495 2534 573 2608 θστις
604 2536 656 2610 μὲν
679 2532 724 2600 οὖν
747 2533 851 2612 ἄτιμος
874 2536 931 2611 ὤν,
950 2537 1037 2600 κακόν
1060 2563 1088 2601 τι
1111 2538 1307 2618 ἐργασόμενος
1333 2537 1361 2604 ἐν
1384 2539 1421 2615 τῷ

335 2649 452 2730 πρόσθεν
469 2647 578 2729 χρόνῳ,
597 2647 694 2727 ἑτέρας
715 2645 864 2718 πολιτείας
880 2649 1058 2725 ἐπεθύμησε,
1080 2649 1126 2714 διόο
1146 2649 1186 2714 τόν
1202 2651 1319 2730 πρόσθεν
1333 2652 1424 2730 νόμαρ-

333 2763 458 2839 τθματα
482 2761 570 2823 αὑτοῦ
594 2755 665 2822 ἕνεκ’
688 2757 724 2822 θον
747 2757 884 2835 ἔπραττε.
931 2757 1019 2822 Bella
1042 2761 1208 2827 sententia:
1233 2757 1310 2831 όστις
1339 2757 1423 2826 κακόν

334 2898 362 2937 τι
385 2871 583 2950 ἐργασόμενος
606 2868 846 2945 -ἐπεθύμησε,
871 2868 917 2932 διόε
936 2870 976 2934 τόο
997 2872 1114 2950 πρόσθεν
1133 2872 1342 2949 ἁμαρτήματα
1362 2875 1423 2936 ἐπε-

318 2986 453 3062 ·θύμησε.
500 2982 678 3068 Exspectant
707 2987 840 3065 poterat:
873 2981 1123 3064 -ἐπεθύμησε,
1155 2982 1230 3046 οὐδὲν
1258 2981 1422 3060 θαυμαστόν

334 3095 465 3178 ἔπραξεν.
513 3093 609 3158 Paulo
640 3094 699 3156 iam
733 3092 841 3157 melior
870 3092 978 3156 fuisset
1006 3092 1156 3175 sententia
1179 3092 1302 3156 remotis
1326 3091 1422 3157 verbis

334 3210 380 3274 διόο
402 3211 443 3274 τόν
466 3206 583 3285 πρόσθεν
606 3206 821 3286 ἁμαρτήματα.

378 3319 450 3385 όίστε
479 3319 551 3396 μηδὲ
581 3318 687 3382 τούτων
718 3317 748 3399 (i.
774 3339 799 3380 e.
823 3320 878 3380 τῶν
902 3315 1021 3400 παίδων)
1044 3311 1130 3379 ἕνεκα
1152 3315 1250 3396 ἐτέρας
1275 3316 1420 3384 πολιτείας

334 3433 508 3508 ἐπιθυμῆσαι
531 3428 588 3494 διόο
610 3429 655 3492 τόο
679 3427 827 3508 πρόσθεν
850 3426 1112 3507 ἁμαρτήματα.
1152 3425 1260 3510 Inepta
1281 3433 1355 3488 sunt
1374 3445 1421 3510 po·

334 3552 446 3608 strama
469 3550 601 3625 quatuor
624 3538 781 3605 vocabula.

379 3656 395 3740 t
419 3657 448 3718 5.
484 3657 512 3719 ἕν
531 3659 590 3724 τοῖς
610 3651 784 3731 προίγμασιν
804 3647 925 3720 ἐκείνοις.
958 3646 990 3710 Si
1010 3648 1043 3710 in
1055 3647 1262 3731 superioribus
1276 3649 1419 3733 scriptum

334 3772 412 3830 esset
433 3769 469 3836 ὡς
493 3765 608 3834 πολλόις
631 3762 730 3842 οίρχας
753 3756 833 3841 ἦρξεν
857 3757 912 3822 ἐπί
935 3763 999 3822 τῶν
1022 3758 1254 3838 τετρακοσίων
1278 3758 1357 3822 nihil
1376 3756 1420 3820 de-

334 3878 505 3943 siderarem.
552 3874 646 3940 Nunc
676 3895 746 3938 vero
777 3875 805 3937 ἐν
836 3879 896 3942 τοῖς
927 3870 1100 3950 πράγμασιν
1124 3869 1235 3942 ἐκείνοις
1259 3871 1312 3953 (.-.
1336 3871 1364 3934 ἐν
1385 3874 1418 3947 τῇ

334 3991 401 4056 τότε
425 3989 568 4074 πολιτεία)
593 3987 722 4052 obscura
745 3993 827 4048 sunt.

378 4106 408 4167 οὐ
431 4103 490 4181 γόορ
513 4103 536 4166 οἱ
559 4105 657 4171 καλῶς
679 4097 819 4179 ἄρχοντες
843 4093 1024 4175 προύδιδοσαν
1047 4096 1098 4168 την
1122 4093 1205 4157 πόλιν
1213 4141 1221 4174 ,
1246 4093 1316 4155 αλλ’
1335 4092 1360 4154 οἱ
1379 4087 1416 4168 μίν

333 4213 456 4282 δικαίως.
492 4211 647 4291 „Vernm3
681 4209 733 4273 sad
757 4209 827 4294 quis
850 4205 882 4269 id
906 4203 1085 4268 donandus?
1108 4208 1205 4276 καλῶς
1229 4225 1245 4266 e
1269 4201 1416 4286 superiore

333 4325 454 4403 „fluxit
501 4311 630 4401 Sensus,
663 4326 716 4404 qui
744 4341 849 4403 εαοροο,
881 4322 933 4400 qui
949 4319 1103 4394 -maltum,
1133 4311 1187 4397 qui
1212 4317 1272 4378 dia.
1319 4307 1416 4374 Possis
1458 4333 1461 4342 ¹

333 4434 530 4514 ,,πολλοίκις.”
576 4432 726 4497 Dubreus.
764 4455 767 4463 ¹
968 4435 970 4442 “
