3128 5208
663 473 703 534 29

152 673 277 736 wadum
298 673 419 736 alteram
441 673 532 754 leyem
554 671 680 756 impune
702 671 831 736 interfici
852 680 989 756 possent,
1010 694 1117 757 nempe
1128 695 1227 750 ναμε·

150 785 206 860 τήν
235 791 284 848 aut
311 783 469 859 παλλακήν
497 784 546 868 (cf.
578 782 665 848 Dem.
699 785 750 847 23.
777 785 829 868 53)
853 783 1011 863 violasset,
1035 783 1106 847 huic
1129 783 1226 847 nihilo

151 897 289 960 maiorem
312 918 441 980 poenam
463 883 556 960 fnisse
580 895 804 982 praescriptam.
851 893 985 966 Omnino
1008 894 1167 959 obscurius
1184 918 1228 958 ar-

150 1013 358 1090 gumentatur,
384 1015 414 1073 et
437 1015 502 1071 tota
524 1006 578 1071 illa
599 1007 648 1071 lex
671 1006 709 1072 de
733 1008 762 1070 vi
781 1005 858 1070 nihil
874 1029 1034 1072 commune
1050 1006 1142 1071 habet
1157 1029 1226 1071 cum

150 1116 209 1181 hac
241 1141 342 1198 cansa,
378 1118 436 1182 nisi
470 1126 507 1182 ut
540 1118 692 1182 rhetorico
727 1118 853 1182 artificio
877 1117 1072 1182 moechorum
1097 1118 1226 1195 crimen,

149 1229 347 1314 comparanda
384 1237 414 1294 et
451 1229 596 1294 elevanda
625 1229 714 1314 culpa
745 1234 800 1293 τῶν
831 1227 1037 1307 βιασαμένων,
1070 1238 1227 1313 augeatur.

149 1339 289 1404 Ceterum
319 1340 401 1426 prior
433 1339 487 1404 illa
518 1339 680 1404 Dracontis
707 1339 757 1403 lex
779 1362 797 1403 a
820 1338 930 1404 Solone
953 1340 1129 1406 confirmata
1151 1339 1226 1418 fuit,
1297 1339 1299 1344 ’

147 1459 184 1514 ut
218 1458 335 1536 apparet
362 1474 397 1516 cx
421 1450 587 1516 Plutarcho
610 1451 642 1516 in
666 1451 718 1514 vit.
743 1449 805 1514 Sol.
830 1472 856 1514 c.
882 1453 941 1514 23:
966 1451 1070 1532 μιιχίν
1092 1452 1145 1529 μὲν
1168 1452 1227 1533 γὰρ

146 1564 258 1628 ausast
279 1566 319 1644 τῷ
341 1562 465 1640 λαβόντι
488 1561 613 1645 ἔδακεν·Δ
630 1562 680 1626 ἐὰν
699 1563 724 1626 δ’
743 1561 860 1643 arrasa
878 1586 923 1632 τις
942 1561 1088 1642 ἐλευθέραν
1099 1569 1227 1638 γυναῖκα

147 1673 198 1737 καὶ
221 1673 375 1757 aranea,
400 1674 506 1754 ζηαίαν
529 1673 631 1740 ἑκατὸν
655 1674 795 1754 δραχμὰς
818 1671 914 1749 ἔταξε.
961 1672 1118 1737 Postrema
1138 1673 1229 1738 verba

147 1783 186 1846 ad
219 1785 304 1849 aliam
331 1785 483 1870 pertinere
506 1783 619 1868 legem,
644 1806 736 1868 quam
760 1806 837 1868 quae
861 1806 877 1846 a
902 1782 992 1868 Lysia
1015 1805 1227 1848 commemora-

146 1904 215 1974 tur,
238 1897 387 1962 ridentur.
434 1896 560 1962 Frustra
584 1905 743 1981 utramque
766 1897 799 1960 in
823 1903 1003 1960 concentum
1027 1895 1163 1980 redigere
1180 1918 1227 1960 co·

145 2018 257 2073 uantur
279 2009 384 2094 Meyer
406 2015 436 2071 et
458 2008 663 2090 Schoemann,
692 2009 745 2073 der
772 2008 911 2073 Attische
938 2006 1078 2088 Process,
1103 2033 1132 2095 p.
1152 2011 1225 2072 eta.

146 2119 284 2205 Pugnare
306 2121 386 2184 inter
410 2143 442 2184 se
465 2121 588 2185 omnino
613 2121 754 2185 videntur
776 2121 833 2184 hae
849 2119 948 2204 leges,
965 2127 1000 2184 ut
1015 2121 1140 2206 propius
1156 2142 1225 2183 roro

147 2254 211 2295 esse
233 2231 350 2296 credam
372 2230 454 2316 quod
475 2232 648 2316 suspicatur
665 2255 723 2296 van
736 2231 896 2316 Stegeren,
909 2230 947 2295 de
959 2231 1133 2295 conditione
1144 2230 1225 2294 civili

148 2343 325 2408 feminarum
347 2342 473 2420 Athen,
499 2365 528 2427 p.
557 2345 636 2420 141,
661 2343 758 2426 legem
789 2341 908 2406 Solonis
941 2343 1000 2406 iam
1026 2350 1095 2406 ante
1118 2341 1226 2428 Lysiae

146 2463 280 2540 tempora
302 2455 396 2519 luisse
420 2461 577 2518 mutatam.
625 2454 670 2516 De
693 2455 781 2534 διπλῇ
803 2454 910 2537 βλάβῃ
932 2454 969 2518 cf.
995 2454 1249 2542 DobreeAdvv„

147 2565 173 2631 I.
200 2571 270 2632 lot.

190 2681 280 2764 cao.
327 2677 359 2742 Si
397 2700 444 2742 me
480 2677 769 2754 condemnaveritis,
800 2678 918 2762 inquit,
952 2677 1033 2761 quod
1064 2677 1224 2741 moechum

147 2789 359 2867 interfecerim,
384 2792 579 2853 moechorum
603 2789 785 2874 impunitate
809 2788 963 2881 confident
984 2789 1083 2866 fures,
1100 2789 1226 2875 prehen-

147 2901 228 2986 siqne
257 2900 401 2966 adulterii
431 2923 521 2965 causa
549 2925 580 2964 se
603 2909 776 2986 penetrasse
799 2901 832 2964 iu
855 2900 984 2964 alienam
1009 2900 1131 2965 domum
1157 2924 1226 2966 con-

148 3013 288 3090 tendent,
313 3020 343 3076 et
367 3034 454 3077 nemo
479 3035 529 3076 eos
553 3011 663 3076 laedet.
709 3012 823 3084 Πιίντες
847 3012 905 3090 γαρ
928 3011 1068 3086 είτννται,
1091 3013 1133 3077 ἔτι
1160 3013 1226 3085 τοὺς

148 3125 196 3200 μὲν
219 3126 320 3202 νόμους
343 3132 395 3198 τῆς
418 3124 555 3204 μοιχείας
577 3123 689 3204 χαίρειν
713 3125 763 3187 ε’ῑιν
781 3123 839 3198 δεῖ,
860 3123 911 3196 τὴν
930 3121 959 3186 δὲ
979 3101 1225 3204 deipartricem·

149 3235 228 3316 τὲραν
252 3235 390 3318 δεδιέναι·
415 3233 488 3310 αὕτη
512 3233 570 3314 acic
594 3237 655 3300 ἐστι
679 3233 795 3301 celarem
821 3239 876 3298 τῶν
899 3235 927 3298 ἕν
951 3234 1033 3299 πόλει
1056 3235 1225 3315 κυριωτάτη.

148 3343 288 3411 Reiskius
320 3347 401 3429 (nam
432 3345 568 3431 plerique
599 3347 729 3435 tacent):
762 3345 887 3424 „Solent
911 3344 991 3408 enim
1016 3353 1080 3408 tum
1105 3368 1225 3425 omnes,

148 3459 248 3543 „leges
272 3458 311 3522 de
334 3458 514 3543 corruptelis
537 3465 742 3522 matronarum
767 3457 843 3522 latas
868 3457 954 3521 flocci
977 3479 1039 3521 non
1058 3456 1225 3535 faciendas,

149 3570 220 3646 „sed
257 3576 385 3633 vestram
421 3568 612 3632 solummodo
648 3569 828 3633 sententiam
860 3590 924 3632 esse
954 3567 1225 3646 reformidandam,

148 3682 282 3766 „quippe
306 3703 383 3766 quae
406 3702 507 3744 rerum
530 3681 562 3744 in
578 3679 699 3744 civitate
715 3680 755 3742 sit
770 3669 1066 3754 arbitraomniumf'
1089 3677 1225 3743 Primum

150 3791 265 3856 addidit
288 3793 481 3868 solummod03
506 3789 558 3854 sed
582 3812 694 3873 quaero
718 3796 885 3874 praetcrea,
917 3790 1070 3874 quomodo
1093 3791 1227 3854 reformi-

149 3901 246 3966 danda
273 3909 367 3980 esset,
393 3921 489 3985 quum
512 3901 662 3964 sententia
685 3899 822 3965 iudicum
845 3899 1001 3964 lenissima
1024 3910 1101 3964 esset
1124 3902 1227 3965 nimis-

150 4035 205 4097 que
236 4014 274 4078 ad
306 4012 521 4078 absolvendum
553 4012 703 4097 proclivis.
751 4011 852 4076 Nimis
879 4012 961 4076 lenes
992 4021 1064 4077 sunt
1092 4013 1225 4092 iudices,

150 4125 200 4207 qui
222 4124 343 4189 illaesos
367 4123 449 4190 abire
473 4125 628 4207 patiantur
651 4123 809 4201 moechos,
834 4131 864 4187 et
886 4130 987 4187 tamen
1004 4146 1108 4188 eorum
1124 4125 1228 4214 suflra-

149 4236 196 4320 gia
211 4237 311 4301 forent
334 4233 506 4298 metuenda.
543 4233 602 4296 Sed
624 4235 671 4296 fac
695 4234 758 4298 ficri
782 4235 934 4318 potuisse,
955 4241 992 4297 ut
1010 4235 1106 4299 nihilo
1126 4236 1226 4300 minus

150 4349 291 4434 suffragia
313 4345 476 4412 metuenda
495 4345 614 4424 ¹forent3
639 4354 787 4411 oratorem
812 4353 911 4410 tamen
937 4346 974 4410 de
998 4370 1033 4411 eo
1056 4356 1155 4411 tacere
1178 4346 1227 4410 de·

149 4458 249 4538 cebet,
282 4460 307 4522 si
336 4479 454 4544 semper
477 4457 619 4520 severitas
643 4457 781 4521 iudicum
805 4465 883 4520 esset
906 4457 1086 4535 metuenda,
1111 4459 1226 4522 minore
