3074 5210
735 474 797 536 148

217 674 266 739 nd
294 673 353 738 hoc
377 693 500 756 quoque
523 669 671 734 iudicium
694 671 827 755 pertinet
850 673 866 755 p
893 674 949 735 ll:
974 670 1003 736 ἔν
1030 696 1068 749 γε
1091 678 1158 744 ταῖς
1182 673 1314 766 πρότερον

215 783 403 864 κατηγορίαις
434 781 474 846 τοί
504 806 538 846 τε
569 781 654 845 ἄλλα
685 783 778 860 ψευδῆ
808 784 1014 863 κατηγόρησαν
1041 791 1092 850 τοῦ
1115 783 1242 865 πατρίς,
1263 785 1314 848 καὶ

216 903 376 973 συγγενῆ
412 894 584 983 φρύννχον
619 894 729 957 αὐτοῦ
765 888 856 956 είναν
890 893 1048 976 ἔφασαν.
1096 893 1212 958 Contra
1234 916 1314 977 quae

215 1007 360 1090 leguntur
390 1006 407 1088 ξ
436 1005 476 1064 22
510 1001 548 1065 ad
579 1002 709 1086 primam
740 1004 965 1067 accusationem
995 1004 1148 1088 pertinere
1171 1010 1313 1088 possunt.

217 1114 299 1178 Huic
329 1112 443 1177 iudicio
476 1111 629 1195 quomodo
656 1111 730 1190 filii,
764 1113 818 1197 qui
848 1113 886 1176 iis
910 1113 1101 1199 temporibus
1125 1137 1164 1179 ne
1188 1114 1316 1178 aderant

217 1225 341 1309 quidem
370 1223 419 1306 (cf.
444 1224 460 1307 b
483 1225 533 1306 4),
566 1222 717 1307 implicari
748 1223 906 1307 potuerint
940 1226 968 1309 (b
1001 1226 1072 1308 18),
1103 1247 1193 1289 nemo
1224 1224 1314 1288 facile

218 1336 338 1400 dixerit.
383 1337 447 1396 Aut
470 1333 562 1397 verba
585 1341 730 1417 corrupte
754 1342 828 1397 suut
850 1334 963 1417 (ἔρημον
979 1336 1039 1416 γὰρ
1059 1335 1148 1400 αὐτὸν
1167 1335 1315 1414 λαβόντες

216 1447 333 1528 φίλων
352 1469 385 1509 τε
401 1443 450 1509 καί
467 1443 622 1524 παίδων,
642 1449 871 1523 κατηγοροῦντες
894 1439 969 1508 εἶλον
993 1444 1040 1508 vel
1060 1446 1127 1510 sim.
1149 1444 1236 1530 quid)
1260 1452 1315 1508 aut

217 1558 307 1642 plura
322 1557 413 1619 etiam
433 1552 471 1616 ab
487 1552 714 1642 accusatoribus
731 1551 866 1636 pericula
881 1552 1056 1638 Polystrato
1073 1554 1233 1620 subeunda
1248 1555 1314 1618 fue·

217 1676 308 1742 runt,
333 1672 387 1728 aut
409 1665 607 1748 impostorem
631 1660 706 1725 haec
730 1672 866 1746 arguunt
889 1662 1129 1728 halucinantem.

262 1779 404 1862 Denique
435 1775 474 1840 ad
503 1780 693 1859 praesentem
725 1775 788 1837 sive
820 1775 941 1839 tertiam
973 1798 1116 1853 causam,
1141 1797 1244 1862 quam.
1257 1799 1315 1862 pro

218 1897 303 1974 patre
326 1886 500 1972 Polystrato
524 1894 590 1949 orat
613 1885 713 1963 filius,
739 1886 794 1970 qui
817 1908 854 1948 ex
877 1887 978 1951 tribus
995 1895 1094 1951 aetate
1110 1887 1230 1953 medius
1247 1895 1337 1966 est,-

218 1999 370 2086 pertinent
392 2001 409 2083 p
433 2001 470 2061 2:
495 2001 686 2076 κατηγοροῦσι
710 1995 736 2058 δ’
758 1999 847 2061 αὐτοῦ
874 1999 910 2068 ὡς
934 1999 984 2061 οὐκ
1009 1997 1105 2069 εὔνους
1128 1995 1160 2074 ἦν
1180 2003 1220 2079 τῷ
1237 2002 1315 2074 πλη·

218 2115 256 2177 der
279 2113 320 2191 τῷ
341 2111 476 2188 ὑμετέρῳ.
515 2110 532 2192 d
557 2109 593 2170 5:
618 2107 667 2171 καὶ
692 2108 728 2177 ὦς
752 2107 868 2178 πολλὰς
891 2108 990 2188 οὶρχοίς
1011 2104 1092 2187 ἦρξεν
1114 2108 1172 2194 (ἐπί
1192 2116 1247 2174 τῶν
1267 2133 1318 2174 τε·

220 2221 407 2303 πρακοοίον).’
437 2220 454 2302 b
479 2221 515 2284 7:
540 2217 659 2295 γνώμην
681 2218 818 2295 οὐδεμίαν
840 2215 905 2283 εἶπε
929 2220 992 2298 περὶ
1016 2227 1066 2284 τοῦ
1087 2221 1223 2300 ὑμετέρου
1243 2221 1319 2294 πλή-

219 2336 280 2404 ίονς
304 2333 343 2415 (ἐν
371 2337 430 2401 τοῖς
457 2328 671 2412 τετρακοσίοις).
710 2330 727 2412 b
751 2332 787 2390 8:
813 2330 925 2400 ἐκείνοις
953 2332 1003 2393 οὐκ
1026 2331 1227 2410 ἀπηχθάνετο.
1264 2329 1317 2392 Ad

218 2441 409 2518 ααπαλοηέως
432 2461 546 2503 munus
571 2438 726 2522 pertinent
750 2437 841 2501 verba
865 2461 945 2523 quae
968 2439 1118 2523 leguntur
1137 2442 1154 2524 p
1173 2443 1228 2504 13:
1249 2442 1317 2504 καί·

218 2578 260 2620 τοο
289 2556 347 2632 οὐχ
378 2545 403 2614 οἳ
432 2549 468 2614 abu
499 2550 615 2618 πλείους
648 2549 774 2620 πολίτας
804 2554 932 2628 πονῶσιν,
963 2546 1037 2614 οὗτοι
1061 2551 1242 2615 καταλύοντι
1266 2552 1316 2615 τὸν

218 2665 324 2742 δῆμον,
347 2659 420 2726 αλλ’
444 2654 469 2724 οἳ
483 2657 519 2723 dcv
536 2661 567 2722 ἑκ
584 2657 719 2722 πλειόνων
735 2657 887 2728 ε’λοίττονς.
920 2657 1044 2722 Scilicet
1059 2661 1205 2725 maiorem
1221 2683 1316 2744 quam

219 2774 350 2839 debebat
386 2793 549 2835 numerum
586 2769 701 2833 civium
730 2779 883 2834 creaverat
913 2769 1117 2855 Polystratus.
1165 2771 1212 2835 De
1244 2771 1317 2836 filiis

219 2886 295 2949 haec
317 2884 463 2967 leguntur
486 2884 578 2966 §192
604 2884 672 2957 ἡμῖν
696 2880 722 2943 δ’
745 2884 775 2945 οὐ
800 2880 904 2946 δώσετε
932 2886 1011 2956 ἡμᾶς
1036 2883 1142 2954 αὐτοὺς
1166 2883 1316 2958 ἐπιτίμους

209 2996 287 3072 ’ὑμῖν
310 2993 454 3070 γενέσθαι.
501 2994 517 3076 d
541 2993 600 3054 32:
634 2990 696 3071 περί
722 2995 802 3067 ἡμῶν
825 2994 884 3070 yolo
908 2994 969 3057 εὀτν
994 2998 1095 3074 ψῆφος
1123 2994 1189 3070 ὑμῖν
1212 2994 1261 3057 καί
1286 2996 1318 3058 οὐ

220 3103 282 3185 περί
305 3103 484 3184 χρημάτων,
509 3101 529 3164 i.
555 3124 580 3164 e.
606 3123 702 3185 quum
723 3101 804 3165 nihil
820 3101 882 3166 fere
899 3101 1083 3180 babeamus,
1101 3104 1220 3166 etiamsi
1236 3102 1319 3168 bona

220 3223 325 3281 nostra
353 3213 598 3298 publicaveritis,
623 3211 747 3275 nullum
769 3212 891 3277 lucrum
916 3214 1102 3298 percipietis.
1147 3217 1249 3299 §dbz
1274 3219 1318 3294 μη

220 3331 300 3405 ἡμᾶς
323 3325 387 3390 οίντί
411 3325 464 3402 μὲν
489 3325 629 3400 ἐπιτίμων
652 3325 774 3397 νίτίαονς
795 3328 951 3400 ποιήσητε,
972 3325 1038 3391 cvr>
1061 3325 1090 3389 δὲ
1106 3331 1229 3390 πολιτῶν
1244 3325 1319 3390 οὶπί-

220 3439 313 3509 urbac.
360 3435 442 3518 Ergo
466 3443 592 3519 apparet
615 3434 696 3517 patri
718 3435 842 3511 ατνμίαν
857 3436 1050 3500 imminuisse
1066 3437 1229 3500 maximam
1246 3458 1317 3501 cum

220 3549 371 3613 bonorum
404 3543 629 3629 publicatione,
662 3544 751 3607 cuius
780 3543 871 3608 etiam
895 3545 1060 3630 participes
1084 3553 1185 3611 essent
1208 3547 1263 3610 filii
1286 3556 1319 3611 et

221 3681 300 3744 quae
330 3657 419 3721 facile
450 3654 557 3719 exsilio
586 3661 689 3738 posset
712 3657 891 3739 comparari.
938 3655 980 3720 Et
1003 3678 1040 3719 ex
1064 3656 1163 3720 verbis
1185 3657 1320 3722 meast

220 3794 280 3835 οντν
309 3769 356 3831 τὸν
381 3767 468 3844 δῆμον
495 3766 512 3849 b
537 3766 576 3827 13
602 3763 713 3827 efficias
740 3772 862 3846 γραφήν
884 3765 979 3830 fuisse
1003 3765 1093 3845 δημον
1113 3768 1316 3837 καταλύσεως.

221 3877 387 3959 Quomodo
410 3884 512 3939 autem
536 3873 665 3937 tertium
688 3874 747 3937 hoc
770 3873 922 3938 iudicium
945 3875 1040 3940 fuerit
1064 3899 1082 3939 e
1103 3877 1258 3962 superiore
1273 3875 1320 3938 di-

221 4011 342 4055 versum
370 3987 495 4051 minime
527 3992 661 4069 apparet.
708 3986 813 4068 Atque
843 3985 918 4049 haec
942 4008 1025 4049 nunc
1048 4009 1118 4050 cum
1143 3985 1318 4070 pulvisculo

222 4108 310 4166 eruta
333 4107 406 4162 sunt
429 4105 459 4160 et
483 4095 637 4172 ordinata3
662 4095 694 4158 in
718 4095 857 4159 oratione
880 4098 948 4182 ipsa
971 4097 1074 4161 omnia
1089 4113 1202 4182 sus'que
1219 4096 1318 4181 deque

222 4212 372 4298 permixta
404 4216 432 4272 et
464 4206 588 4271 turbata
620 4212 702 4270 suut.
750 4205 885 4290 Magnus
916 4208 993 4272 mihi
1010 4208 1082 4272 'erit
1106 4207 1236 4292 Apollo,
1262 4206 1317 4290 qui

182 4335 188 4344 “
223 4332 339 4388 statum
362 4341 470 4386 causae
492 4319 536 4381 sic
562 4316 686 4394 efficiat,
712 4324 748 4380 ut
769 4316 923 4382 dubitatio
937 4319 1020 4382 iusta
1035 4340 1098 4382 non
1113 4317 1315 4401 relinquatur.

223 4432 346 4498 Scilicet
370 4438 405 4494 ut
429 4426 624 4493 difficultates
649 4427 735 4490 furca
759 4427 892 4511 expellas
917 4436 1020 4492 tamen
1044 4451 1143 4512 usque
1158 4433 1316 4490 recurrent
