3074 5210
737 445 887 539 'ras

302 660 368 732 τοὺς
392 661 516 733 πολίτιις
541 662 603 726 aare
613 665 681 743 πρὸς
706 663 772 736 τοὺς
796 661 910 740 ξένους,
934 661 976 728 ὅτι
998 663 1134 739 'Atticam
1157 670 1290 730 τοιοῦτον
1308 665 1406 732 δύνοι-

301 798 368 855 ποιι,
400 771 463 838 ἇίοί
494 775 571 851 ὑμᾶς
602 775 668 847 ποὺς
694 774 800 847 οιύπούς
811 823 820 853 ,
847 775 910 855 περὶ
935 771 971 839 ὧν
995 773 1087 857 ἕρκους
1111 778 1301 856 ὀμωμόκατε,
1325 781 1405 856 ὑμῖν

240 920 254 935 ·
302 887 403 957 ιιύποῖς
428 886 573 950 ποίνιινπίιι
603 893 691 951 ποιεῖν
725 886 914 968 ψηφίζεσθαι.
961 887 1008 952 De
1040 889 1201 974 postremis
1225 896 1328 954 tacent
1350 891 1405 954 in-

302 1003 456 1082 terpretes.
493 997 574 1061 Fieri
597 1005 699 1082 potest
722 1007 758 1063 ut
780 999 887 1077 fallar,
912 998 965 1062 sod
990 998 1102 1064 horum
1126 1000 1279 1064 sententia
1301 1001 1403 1085 impe-

301 1105 451 1171 ditissima
474 1115 528 1171 aut
551 1109 655 1192 potius
678 1109 765 1173 nulla
787 1109 925 1188 videtur,
955 1110 1015 1174 nisi
1039 1099 1202 1174 eiiciantur
1221 1110 1313 1174 verba
1327 1112 1401 1184 τοὺς

252 1249 254 1256 ·
301 1219 417 1290 αὐτούς.
448 1218 581 1303 Egregia
604 1241 675 1284 vero
699 1219 767 1284 laus
784 1221 842 1284 erit
857 1217 1006 1285 Poliocho
1024 1221 1050 1284 si
1065 1221 1235 1286 ostenderit
1250 1228 1402 1299 „tantum

299 1353 360 1408 „se
382 1347 468 1416 posse
500 1330 647 1408 Athenis,
682 1337 717 1394 ut
748 1330 864 1398 efficere
896 1332 1009 1416 possit,
1038 1338 1075 1409 ut
1097 1333 1130 1396 in
1152 1333 1190 1396 iis
1218 1333 1326 1411 rebus,
1354 1334 1398 1398 de

299 1441 435 1526 „quibus
458 1443 648 1521 iuraveritis,
673 1442 824 1508 vobismet
848 1443 925 1527 ipsis
949 1444 1101 1508 contraria
1125 1444 1326 1510 decernatis?

342 1555 359 1641 ᾧ
384 1555 434 1618 16.
481 1553 559 1630 οίξιυν
589 1555 617 1620 δὲ
644 1556 781 1633 μοίλιοποι
807 1557 948 1638 φίννῆοοιι
974 1552 1017 1620 ὅτι
1045 1554 1131 1628 citrea
1153 1557 1203 1633 ἤδη
1227 1558 1252 1622 οἱ
1274 1558 1314 1622 τοι
1337 1567 1396 1632 τῆς

297 1664 408 1738 πόλεως
432 1666 608 1747 προίππονπες
628 1666 798 1732 araneam.
838 1666 912 1731 Iure
933 1667 1039 1731 multis
1054 1669 1197 1749 Φίονῆοοιι
1213 1667 1292 1731 illud
1308 1668 1396 1732 nude

297 1779 432 1863 positum
467 1787 642 1865 suspectum
677 1780 753 1858 fuir,
788 1781 925 1844 rhetores
958 1780 1039 1844 enim
1073 1779 1191 1844 invidia
1222 1779 1332 1864 dignos
1363 1781 1395 1842 si

295 1891 464 1976 significare
484 1890 645 1968 voluisset,
664 1891 719 1954 hos
736 1891 839 1954 statim
858 1899 1133 1955 commemorasset.
1168 1891 1283 1955 Tamen
1299 1913 1393 1974 aegre

293 2024 379 2066 careo
403 2003 494 2067 verbo
517 2005 674 2083 Φίονῆοοιι,
700 2003 782 2087 quod
805 2003 914 2067 lectius
939 2010 989 2067 est
1006 2011 1037 2067 et
1054 2003 1277 2088 significantius
1293 2024 1389 2086 quam

291 2114 459 2198 ίοιυμοίοιιι,
474 2145 478 2150 ·
491 2115 703 2191 ιίνοινιικπῆοιιι
736 2113 857 2197 (Dobr.)
889 2119 961 2192 ant,
996 2113 1079 2198 qnod
1111 2113 1188 2177 mihi
1211 2112 1280 2200 coll.
1304 2114 1321 2196 ᾧ
1345 2115 1389 2174 25

291 2225 456 2310 aliquando
488 2224 621 2310 placuit,
652 2226 807 2304 βονίῆοοιι.
856 2225 950 2289 Porro
983 2224 1129 2303 διάκειμαι
1162 2246 1224 2288 non
1250 2232 1331 2288 recte
1354 2247 1390 2288 se

291 2337 401 2402 habet:
435 2344 486 2400 est·
505 2341 630 2420 affectus
653 2359 732 2415 sam,
757 2360 789 2400 οο
812 2340 953 2402 redactus
978 2359 1060 2414 sunm
1083 2337 1150 2417 πρός
1174 2359 1247 2402 πινοι,
1264 2335 1312 2400 vol
1335 2359 1387 2400 rr:

291 2453 405 2530 referri
431 2452 486 2526 ad;
517 2447 570 2511 sed
598 2471 630 2512 co
649 2452 837 2532 potentiae
856 2453 983 2532 perveni
1004 2469 1066 2511 non
1095 2453 1141 2510 est
1163 2444 1234 2512 οὕτω
1258 2446 1388 2510 διοίκει-

290 2586 365 2638 μοιι.
412 2559 592 2645 Legendum
616 2560 738 2624 videtur
760 2559 832 2636 ι’ίξιυι
856 2559 885 2623 δὲ
908 2558 1047 2636 μοίλιοποι
1070 2563 1221 2643 φίονῆοοιι.
1267 2557 1314 2622 De
1337 2557 1385 2620 in—

290 2671 408 2735 finitivo
440 2673 538 2736 activo
570 2673 595 2735 si
627 2655 706 2736 tanti
735 2679 798 2750 est,
830 2671 868 2736 cf.
896 2693 1023 2756 gramm.
1058 2695 1126 2736 mea
1155 2673 1171 2756 ξ
1203 2672 1254 2733 55.
1281 2671 1320 2733 10
1352 2677 1385 2732 et

291 2805 361 2846 ann.
395 2785 447 2846 32.
494 2782 614 2847 Deinde
644 2785 668 2848 οἱ
700 2781 786 2855 οὕτως
816 2783 867 2859 ἤδη
895 2784 935 2849 τοὶ
966 2791 1018 2857 τῆς
1047 2784 1157 2855 πόλεως
1187 2782 1383 2862 πμοίπτοντες,

288 2891 355 2958 ὥστ’
386 2895 444 2975 οὐχ
474 2919 501 2960 κ.
530 2919 557 2959 π.
588 2895 611 2958 ἑ.
658 2895 697 2960 Οἱ
725 2901 771 2959 est
794 2894 966 2958 emendatio
989 2895 1021 2958 in
1045 2895 1181 2979 margine
1206 2891 1306 2979 posita
1329 2897 1381 2955 τοῦ
1471 2923 1474 2930 ·

287 3003 345 3083 ὅτι,
370 3005 423 3068 sed
446 3005 545 3069 alieno
567 3005 635 3070 loco
653 3006 775 3070 inserta.
810 3005 857 3070 Of.
883 3005 921 3070 ad
946 3008 997 3070 25.
1018 3010 1046 3070 1.
1063 3005 1101 3070 Io
1135 3007 1195 3070 fine
1211 3003 1407 3067 sententiae⁴

287 3123 411 3201 propter
434 3118 634 3202 oppositionis
657 3118 896 3182 concinnitatem
919 3118 979 3200 ἀφ’
1001 3113 1036 3182 ὧν
1060 3115 1096 3181 ίιν
1118 3155 1164 3165 -
1186 3121 1285 3181 ποιῡποι
1309 3135 1380 3177 con·

286 3228 442 3303 iunctione
474 3227 677 3312 disiungenda
709 3251 769 3293 non
801 3229 943 3292 videntur
978 3229 1091 3310 (ποιῦποι
1120 3226 1145 3290 δ’
1176 3226 1296 3305 Baiter,
1328 3226 1378 3290 ιιοιί

299 3344 399 3404 ποιῖιτοο
427 3338 549 3422 Cobet),
586 3339 669 3424 quod
696 3340 811 3403 factum
836 3339 874 3404 ah
898 3338 1129 3424 editoribuslne
1153 3338 1237 3402 οιύποί
1261 3337 1380 3402 soloece

287 3451 325 3516 ab
349 3459 466 3515 oratore
490 3451 607 3515 dictum
630 3458 717 3515 esset.
742 3450 866 3528 Vereor,
897 3457 933 3514 nt
965 3457 1071 3515 eontra
1102 3463 1284 3513 consensum
1317 3449 1380 3511 Do-

286 3563 366 3641 brei,
398 3563 581 3640 Hamakeri,
611 3561 758 3640 Scheibii,
787 3561 896 3626 coheti
921 3563 1103 3627 sententiam
1128 3561 1300 3637 obtineam
1323 3561 1378 3624 sed

285 3683 386 3738 tamen
407 3666 473 3752 hic,
495 3675 607 3758 siquis
632 3683 694 3752 est,
719 3675 915 3738 soloecismus
938 3696 1000 3738 non
1019 3673 1064 3737 ita
1079 3674 1157 3737 mihi
1172 3671 1377 3737 intolerabilis

285 3794 347 3864 est,
379 3787 452 3871 quin
476 3793 599 3872 propter
622 3787 801 3871 gravitatem
825 3769 1030 3871 oppositionis
1054 3807 1071 3848 a
1093 3783 1186 3869 Lysia
1208 3783 1379 3846 admissum

285 3897 414 3962 credam.
452 3896 627 3961 Adiuvatur
650 3897 730 3961 enim
754 3897 841 3968 οούπίς
865 3896 975 3981 part-im
1001 3895 1160 3960 manifesta
1184 3894 1377 3979 oppositione

285 4031 353 4072 oum
382 4009 589 4094 superioribus
618 4012 675 4090 οὐχ
698 4008 757 4074 ὅτι
782 4007 818 4074 av
841 4017 882 4090 τῇ
906 4007 1008 4073 πόλει
1031 4008 1186 4086 βέλτιστον
1209 4004 1239 4088 ᾖ,
1262 4006 1375 4090 partim

281 4137 319 4182 eo
350 4118 433 4203 quod
462 4119 632 4184 subiectum
663 4121 765 4197 ὑμεῖς,
794 4117 878 4202 quod
906 4115 980 4182 οὗτοι
1011 4117 1197 4202 postularet,
1232 4123 1299 4201 post
1322 4139 1377 4201 po-

282 4230 382 4308 nitur3
418 4229 550 4314 denique
578 4229 662 4314 quod
693 4229 784 4294 verba
807 4229 891 4294 τοῦθ’
915 4231 997 4307 ὑμεῖς
1019 4228 1182 4311 ψηφίζεσθε
1205 4226 1287 4291 idom
1310 4227 1375 4292 fere

289 4341 461 4424 significant
492 4349 584 4427 atque
614 4348 715 4406 ποιῦποι
747 4341 845 4424 ῥᾳδίοις
868 4340 1103 4420 διοιπροίππονποιι.

259 4463 260 4468 ’
324 4453 413 4536 MS.
455 4455 495 4525 είς
514 4455 580 4525 τοὺς
599 4451 670 4518 οὕτω
690 4453 925 4531 πολιτευομένους
946 4453 1014 4532 ὑπὲρ
1036 4461 1089 4527 τῆς
1111 4451 1260 4522 πολιτείοις
1276 4448 1371 4526 ἧςιιοιί
