3126 5210
641 432 700 492 191

146 622 217 704 quod
245 623 385 689 Dobreus
410 623 497 688 affert
520 624 643 708 (Aesch.
668 646 694 689 c.
719 623 856 710 Ctesiph.
883 626 934 690 75.
960 626 1013 708 20)
1037 645 1073 686 eo
1096 621 1217 699 differt,

145 732 215 814 quod
243 732 285 797 ibi
319 735 372 806 την
395 732 520 796 διοένοιαν
543 733 684 798 additum
709 741 764 798 est.
811 732 1013 798 Marklandus
1037 732 1219 797 coniiciebat

144 836 245 904 τόντιιι
267 843 327 906 αι’τ.
353 845 404 916 ηγ.
428 837 484 904 όσα
506 843 634 917 ἐγένοντο
658 844 686 906 έν
711 844 823 915 έκεόνοις
844 851 903 915 τοῖς
920 842 1047 924 χρόνοις,
1064 839 1219 925 Kayserus

144 947 246 1014 σοὶντοιν
267 947 322 1014 όσα
346 951 506 1027 γεγένηται
530 952 596 1036 (pro
619 947 690 1016 όταν
712 953 876 1036 γένωνται).
912 951 1032 1016 Scheib.
1057 949 1098 1016 ότ.
1118 951 1219 1015 ταύτόι

144 1059 269 1132 γένωνται
301 1059 367 1144 (vel
398 1057 531 1144 γένηται)
555 1061 667 1132 ἕκεόνοις
690 1069 749 1134 τοῖς
772 1061 891 1141 χρόνοις.
935 1061 996 1126 sed
1021 1061 1068 1125 his
1093 1059 1219 1122 adscitis

142 1169 309 1232 coniecturis
334 1167 473 1232 haerebis
497 1167 530 1231 in
549 1170 744 1234 coniunctivc
764 1171 945 1248 ἕνόομηόῶσι.
972 1169 1113 1233 Fortasse
1125 1169 1221 1232 rarior

142 1276 227 1340 forma
255 1277 339 1340 verbi
365 1279 519 1354 μιμνηοκιο
546 1277 680 1342 librariis
709 1278 810 1343 fraudi
839 1279 899 1342 fuit
918 1285 949 1342 et
968 1279 1132 1364 legendum
1156 1285 1219 1343 est:

142 1382 202 1449 όταν
219 1391 385 1465 μεμνῶνται
404 1391 460 1451 τῶν
484 1388 512 1450 ἐν
536 1388 647 1458 ἐκείνοις
670 1393 729 1458 τοῖς
745 1387 865 1467 χρόνοις.
890 1386 928 1451 In
944 1388 1091 1472 proximis
1108 1390 1222 1454 κοὶκεῖνο

142 1517 198 1558 esse
219 1495 399 1580 legendum,
424 1518 486 1560 non
508 1498 630 1562 adustum
653 1497 704 1560 vix
727 1504 774 1560 est
797 1496 882 1580 quod
905 1519 1056 1561 moneam.

179 1605 266 1688 tlt.
312 1605 382 1670 τότε
412 1605 466 1682 μὲν
496 1605 556 1685 γαρ
588 1606 666 1683 ὑμᾶς
700 1603 780 1686 ᾤοντ’
814 1605 996 1686 ὀργισθέντος
1026 1603 1221 1682 Assiduum*

141 1714 364 1792 οὶτοδοκιμοόσαι·
389 1715 440 1778 ε’όιν
463 1714 491 1778 δὲ
513 1720 613 1780 τοῦτον
638 1713 832 1798 δοκιμάσητε,
865 1710 897 1779 εὖ
919 1713 1042 1779 εἴσονται
1066 1712 1108 1779 ότι
1131 1716 1162 1777 οὐ
1186 1713 1224 1776 δι-

142 1825 205 1905 κοίη
226 1826 327 1904 γνώμη
349 1826 412 1904 περὶ
436 1827 523 1889 αὐτοῦ
548 1824 699 1903 κέχρησθε.
734 1824 921 1903 Ὀργισόιῑναι
946 1823 1059 1887 dicitur
1082 1823 1120 1885 de
1144 1821 1224 1885 iudi·
1332 1901 1334 1908 A

143 1953 205 1996 cum
234 1933 412 2010 severitate,
444 1933 593 2016 puniendi
625 1933 746 2010 studio,
781 1933 863 2017 quud
896 1954 965 1996 curn
996 1932 1092 2012 δικαόορ
1122 1929 1224 2012 γνώμη

143 2041 275 2106 iunctum
299 2064 364 2106 csse
388 2051 498 2126 potest.
531 2041 652 2106 Iniuria
670 2041 839 2106 Leodamas
860 2048 924 2106 erat
944 2041 1135 2124 improbatus
1141 2066 1150 2117 3
1171 2039 1225 2104 ssd

143 2150 252 2232 ignosci
288 2157 408 2236 poterat
442 2150 617 2228 iudicibus,
653 2151 737 2236 quod
768 2151 938 2234 deliquerat
967 2149 1102 2231 aliquid,
1136 2148 1227 2232 culpa

143 2265 256 2324 tantum
270 2261 375 2346 vnimia
397 2261 557 2324 severitate
577 2267 641 2324 erat
658 2267 840 2344 exaggerata
849 2287 858 2338 ρ
878 2283 983 2324 verum
1001 2261 1026 2322 si
1044 2280 1126 2322 nunc
1143 2258 1227 2322 lenes

144 2390 173 2431 se
199 2369 316 2434 iudices
347 2377 554 2454 praestarent,
579 2371 792 2454 appariturum
816 2377 896 2446 erat,
922 2369 1013 2433 aliam
1037 2368 1132 2432 fuisse
1156 2387 1226 2429 cau·

144 2498 201 2540 sam
224 2477 465 2555 condemnandi,
491 2499 619 2561 eamque
642 2479 800 2543 iniustam.
837 2479 931 2560 '0de
955 2484 986 2540 et
1005 2475 1165 2558 όργίζεσόκι
1188 2474 1227 2537 de

142 2585 292 2650 iudicibus
324 2586 367 2650 sic
399 2586 540 2670 saepius,
572 2588 610 2650 cf.
646 2590 695 2651 19.
730 2590 749 2650 6
781 2593 812 2650 et
836 2589 888 2651 28.
914 2589 953 2650 t:
979 2587 1112 2665 ὑμέτερον
1136 2584 1227 2648 τοίνυν

143 2695 218 2774 έργον
249 2697 346 2770 ἐστι’ν,
374 2691 394 2759 ὦ
424 2693 522 2775 ἄνδρες
545 2697 706 2774 Ἀθηναῖοι,
735 2696 783 2760 ἐστὶ
810 2703 868 2766 τοῖς
892 2696 1026 2766 τοιούτοις
1048 2692 1227 2774 όργόζεσέαι,

142 2804 173 2866 in
195 2805 242 2868 bis
266 2803 449 2868 criminibus
472 2825 590 2868 severos
613 2826 667 2868 vos
691 2813 845 2889 praestare
870 2804 996 2868 iudices.

183 2915 199 2997 b
225 2916 275 2976 15.
324 2914 390 2990 ὑμῖν
422 2914 451 2978 δὲ
483 2914 648 2997 (συμφέρει)
680 2912 753 2978 τόνδ’
786 2913 1021 2993 οὶτοδοκιμοέσαι,
1049 2909 1147 2986 δόξετε
1169 2911 1229 2991 γόορ

142 3022 266 3088 κάκεῖνον
289 3021 402 3092 δικαίας
425 3023 658 3101 ἀποδοκιμάσαι·
683 3024 743 3087 έοὶν
765 3023 801 3086 δὲ
825 3022 912 3097 μηδὲ
935 3020 1035 3100 τόνδ’,
1059 3020 1124 3085 οὐδ’
1144 3022 1229 3084 έκεῖ-

142 3154 197 3210 νονΙ
215 3131 368 3202 δικαίως.
416 3131 448 3195 Si
471 3132 626 3196 iu'verbis
650 3131 859 3208 haerebimus,
884 3128 1051 3215 probabilis
1076 3127 1227 3191 videbitur

142 3225 230 3304 lectio
261 3239 449 3304 Florentini:
481 3241 532 3306 ἐόον
563 3242 593 3305 δὲ
622 3245 664 3318 μη
690 3242 775 3308 τόνδ’.
811 3240 914 3304 Verba
937 3239 1018 3303 enim
1043 3258 1121 3321 quae
1138 3254 1228 3300 ¹nunc

142 3349 285 3432 leguntur
316 3357 443 3414 sonant:
477 3352 525 3428 „si
555 3373 592 3415 νιο
621 3356 699 3417 huuc
723 3355 840 3435 quidem
863 3345 1138 3434 improbaveritis.”
1185 3346 1228 3407 At

143 3457 218 3522 aiter
242 3456 437 3542 (Leodamas)
460 3459 651 3542 improbatus
674 3461 782 3524 iuerat.
829 3459 888 3523 sed
920 3455 1164 3522 adsentantium
1188 3461 1231 3516 at-

143 3565 347 3644 tendendum,
376 3589 455 3652 quae
478 3568 553 3632 haec
577 3574 640 3632 est:
665 3569 691 3631 si
714 3591 753 3633 ne
776 3568 814 3631 de
837 3568 896 3631 hcc
919 3567 1043 3650 quidem
1067 3565 1149 3627 iusta
1172 3571 1233 3626 sta-

144 3676 281 3752 tueritis,
304 3675 402 3738 nihilo
426 3677 523 3760 magis
547 3675 585 3739 de
608 3676 662 3739 illo
686 3675 874 3740 videbimini.
914 3674 970 3738 Vis
994 3672 1163 3738 sentcntiae
1186 3678 1232 3736 est

145 3784 332 3866 intractus,
356 3785 443 3848 cuius
467 3785 553 3848 notio
577 3808 595 3848 a
614 3785 730 3870 protasi
750 3808 812 3849 non
831 3785 953 3849 exclusa
976 3792 1031 3848 est.
1056 3781 1136 3846 Vere
1147 3802 1233 3865 prae-

145 3900 227 3957 terea
255 3892 425 3977 Sauppim,
459 3915 505 3976 ep.
531 3891 597 3956 crit.
623 3915 652 3976 p.
677 3895 732 3958 17:
756 3895 827 3970 „uti
850 3895 902 3957 καί
924 3894 956 3956 in
980 3891 1140 3956 sententiis
1164 3910 1233 3966 con7
1263 3888 1266 3894 ’

146 4000 372 4078 „dicionalibus
403 4000 451 4064 vel
480 4001 759 4084 comparationibus
784 4001 831 4064 bis
855 4001 929 4084 poni
953 3999 1050 4076 solet,
1075 3998 1118 4061 sic
1142 3996 1235 4080 parti·

146 4109 271 4187 „culam
293 4109 466 4192 negativam
491 4110 724 4192 [compositamz
749 4110 826 4191 οὐδέ,
846 4109 934 4192 μηδέ]
958 4109 1079 4190 utrique
1098 4104 1234 4168 membro

147 4217 308 4294 „videmus
333 4217 469 4282 additam
492 4217 589 4281 esse.”
634 4217 695 4280 Pro
719 4219 761 4294 μη
785 4217 882 4301 igitur
904 4216 977 4294 μηδέ
1002 4216 1146 4299 positum.

192 4328 209 4410 δ
234 4327 285 4390 17.
332 4328 362 4390 οὐ
389 4325 449 4404 γόιρ
467 4325 621 4401 ,ἑλόττοιις
653 4324 759 4389 τούτοιν
791 4328 807 4400 ἡ
837 4325 921 4397 πόλις
946 4325 1086 4402 τετίμηκε
1108 4329 1163 4388 τῶν
1188 4318 1235 4384 ἐπὶ
