3128 5208
705 462 745 524 58

223 665 241 749 q
267 664 340 726 102.
377 662 409 726 Si
433 685 489 747 ego
513 661 570 726 sub
591 662 720 746 triginta
739 662 813 726 viria
833 668 992 726 accusatus
1013 681 1124 736 essem,
1145 655 1272 720 interro-

172 774 336 859 gavisseut
358 796 423 852 me,
448 773 565 860 ecquod
589 773 688 838 scelus
712 775 744 838 in
768 773 916 858 populum
934 771 1170 844 commisissem,
1188 763 1270 850 quod

173 887 203 950 si
228 886 437 971 negavissem,
461 892 586 970 propter
609 885 641 948 id
664 886 766 970 ipsum
789 907 837 950 me
861 884 1123 950 condemnassent.
1161 878 1269 953 οὐδὲν;

172 998 246 1084 (np.
269 1003 326 1062 τῶν
337 997 486 1076 εἰρημένων
497 996 658 1072 πεποίηκας
669 1045 678 1079 ,
691 996 833 1074 „nihilne
846 997 877 1060 in
891 995 1041 1081 populum
1058 990 1216 1076 deliquisti
1223 988 1270 1070 ?”)

170 1111 267 1183 δοκεῖς
289 1105 335 1174 οὖν
357 1109 507 1189 χαιρήσειν
531 1107 547 1182 ἢ
571 1109 621 1172 οὐκ
643 1107 846 1172 ἀποθανεῖσθαι
857 1157 867 1190 ,
890 1109 927 1178 ὡς
948 1104 1033 1184 ἕτερον
1056 1102 1161 1172 πολλοί
1168 1127 1175 1180 ;
1206 1100 1270 1180 „Et

171 1229 322 1299 „tamen,
354 1220 473 1305 inquit,
506 1225 596 1304 putas
628 1227 658 1282 te
689 1218 807 1284 salvum
836 1242 872 1282 ex
896 1218 954 1282 hoc
977 1216 1092 1282 indicio
1115 1215 1270 1279 abiturum

172 1355 257 1411 „nec
281 1332 380 1416 capite
403 1332 547 1416 punitum
571 1331 609 1394 iri
633 1354 701 1396 cum
725 1331 831 1396 multis
855 1331 965 1395 eliis?''
1009 1329 1089 1394 Tum
1112 1334 1214 1392 orator
1230 1326 1268 1390 ad

170 1442 294 1507 iudices
317 1465 349 1506 se
372 1449 568 1507 convertens:
605 1435 641 1524 οἶρ
664 1441 699 1506 διν
723 1440 806 1507 οἴεσθ’
829 1438 849 1506 ὦ
872 1439 969 1525 ἄνδρες
993 1440 1093 1506 ἄλλον
1114 1445 1196 1505 τινῶν
1218 1463 1269 1503 τν-

169 1561 242 1635 χεΐν
267 1580 306 1632 με
325 1553 360 1618 δι’
380 1555 458 1630 ὑμᾶς
484 1552 570 1639 (libri
594 1555 688 1636 ἡμᾶς)
711 1554 735 1618 εἰ
759 1555 888 1636 ἐλήφθην
912 1554 962 1617 ὑπ’
987 1556 1096 1629 adraim
1121 1551 1170 1614 Ita
1186 1572 1270 1614 nunc

172 1689 193 1730 a
218 1664 438 1729 ll‘rrricensibus
463 1663 597 1742 editum,
622 1675 743 1750 recepto
767 1664 803 1729 ἄν
819 1665 901 1750 quod
917 1665 949 1728 in
966 1663 1053 1729 libris
1068 1661 1267 1727 desideratur.

170 1777 235 1842 Sed
269 1776 388 1840 etiamsi
414 1775 568 1840 nemiuem
591 1774 801 1841 damnaverint
823 1777 952 1862 triginta
975 1776 1032 1839 viri
1056 1775 1116 1838 nisi
1141 1795 1194 1858 per
1218 1794 1269 1856 po·

170 1889 244 1974 puli
271 1887 431 1972 suffragia,
456 1893 558 1950 tamen
581 1886 674 1950 huius
690 1887 734 1951 rei
749 1887 865 1952 mentio
881 1887 1057 1971 importuna
1074 1883 1268 1968 exprobratio

167 2000 301 2077 fuisset,
325 1997 423 2082 magis
447 1996 673 2060 accommodata
696 1997 735 2060 ad
758 1997 935 2062 alienandos
951 2019 1044 2082 qnam
1059 1994 1266 2060 conciliandos

167 2111 317 2177 iudicum
350 2109 477 2172 animos.
532 2108 607 2172 Post
637 2117 740 2190 τυχεῖν
771 2134 811 2186 με
841 2109 988 2172 excidisse
1020 2107 1140 2171 videtur
1171 2109 1194 2172 εἰ
1225 2109 1267 2184 ,αδ
1315 2117 1320 2127 “

169 2227 261 2310 (post
287 2229 435 2288 EINME:
464 2223 580 2303 EIMH)
603 2221 782 2306 „putatisne
805 2243 853 2284 me
878 2221 961 2285 aliud
986 2220 1062 2306 quid
1086 2220 1265 2284 auditurum

166 2335 312 2414 „fuisse,
343 2332 403 2396 nisi
432 2331 511 2396 forte
533 2355 587 2396 vos
609 2331 841 2397 restitissetisd'
886 2330 966 2396 Nam
989 2339 1093 2412 τυχεῖν
1116 2353 1179 2395 non
1201 2340 1268 2396 tan-

165 2454 243 2510 tum
275 2445 408 2529 pertinet
431 2443 470 2506 ad
493 2443 777 2508 condemnationem
801 2443 854 2508 sed
879 2443 1033 2508 etiamad
1057 2445 1269 2528 interrogatio·

168 2580 230 2622 nes
256 2555 447 2641 propositas,
472 2577 546 2640 quas
570 2555 735 2640 quominus
759 2555 887 2620 totidem
910 2556 1009 2620 verbis
1036 2556 1147 2620 faceret
1163 2554 1268 2619 Chari-

168 2668 258 2745 cles,
282 2665 347 2729 sine
370 2664 465 2730 dubio
489 2665 673 2730 verecundia
696 2688 766 2752 erga
794 2666 942 2753 populum
958 2665 1133 2752 prohibitus
1148 2666 1266 2731 fuisset.

341 2906 397 2951 VII·
427 2913 657 2953 ΔΡΕΟΠΑΓΙΤΙΚΟΣ·
693 2915 755 2955 ΠΕΡΙ
770 2915 826 2954 Tor
839 2913 933 2954 ΣΗΚΟΥ
947 2915 1097 2953 ΑΠΟΛΟΓΙΔ.

220 3121 365 3206 Frigidus
382 3120 547 3185 admodum
562 3120 648 3184 iocus
664 3128 711 3186 est
727 3121 818 3185 initio
834 3121 926 3186 huius
942 3121 1104 3199 orationis;
1127 3143 1201 3207 ego,
1223 3122 1268 3185 in-

171 3233 258 3318 quit,
281 3233 327 3296 ita
342 3240 460 3317 praeter
479 3233 654 3317 opinionem
670 3239 829 3297 accusatus
845 3254 914 3296 sum
931 3230 999 3298 ὥστ’
1018 3233 1053 3297 εἶ’
1063 3257 1123 3306 πως
1143 3228 1198 3298 οἶόν
1214 3259 1247 3298 τε
1256 3284 1264 3317 ,

171 3347 255 3410 δοκεῖ
266 3367 314 3420 μοι
332 3343 389 3408 δεῖν
406 3343 455 3407 καὶ
473 3344 538 3415 τοὺς
555 3345 597 3422 μη
614 3344 776 3422 γεγονότας
794 3344 844 3421 ἤδη
862 3343 978 3408 δεδιέναι
996 3345 1058 3424 περὶ
1075 3351 1131 3408 τῶν
1146 3343 1267 3423 μελλόν-

171 3481 230 3522 τοιν
250 3441 374 3520 ἔσεσθαι.
403 3454 453 3518 Ita
469 3455 572 3541 inepte
591 3453 667 3518 haec
687 3461 866 3541 exaggerata
885 3462 971 3534 sunt,
992 3463 1028 3520 ut
1048 3457 1184 3542 suspicer
1202 3479 1266 3521 ora

170 3573 272 3631 torem
291 3565 328 3630 ad
349 3564 544 3652 proverbium
563 3565 688 3651 aliquod
712 3566 801 3632 nobis
824 3567 966 3652 ignotum
988 3568 1154 3653 respicere,
1177 3569 1265 3632 cuius

171 3678 327 3763 frequenti
351 3700 410 3741 usu
433 3677 598 3763 hyperbole
622 3677 718 3742 lenita
740 3685 771 3742 et
786 3679 889 3743 minus
905 3679 1031 3743 insolita
1046 3679 1149 3744 fuerit.
1185 3679 1265 3744 Aliis

173 3811 298 3876 quoque
314 3789 389 3852 locis
410 3790 443 3853 in
463 3788 520 3852 hac
540 3790 678 3853 oratione
697 3791 914 3868 inveniuntur,
935 3812 1013 3876 qnae
1028 3791 1145 3855 homini
1161 3791 1265 3856 hebeti

172 3901 327 3986 nimisque
345 3899 478 3985 simplici
493 3900 584 3964 unice
601 3902 828 3966 accommodata
839 3908 921 3966 sunt.
945 3901 1025 3966 Vide
1039 3925 1132 3988 quam
1143 3902 1263 3966 inutilis

174 4012 263 4097 copia
290 4011 450 4076 verborum
474 4011 514 4074 sit
536 4014 553 4097 q
573 4013 609 4075 5:
635 4011 736 4093 νομίζον
759 4014 891 4095 νοητοῦ
914 4015 969 4091 μὲν
991 4014 1123 4097 προτέρου
1146 4014 1264 4094 χρόνον,

174 4125 232 4190 οὐδ’
254 4125 278 4189 εἰ
301 4123 399 4188 arlaci
422 4125 525 4199 ἐνῆσαν
548 4125 667 4204 μυρίαι,
691 4128 741 4190 οὐκ
764 4124 799 4191 οδν
822 4125 935 4198 δικαίως
959 4124 1143 4210 ζημιοῦσθαι,
1168 4149 1287 4212 quae,-

175 4237 234 4299 etsi
260 4258 349 4299 nemo
373 4234 521 4320 prudenS,
546 4236 572 4298 si
592 4235 747 4315 abessent,
766 4237 968 4315 desideraret,
993 4244 1095 4302 tamen
1118 4238 1265 4304 auditori·

175 4347 247 4426 bus,
272 4349 340 4432 sip
362 4347 494 4432 simplici
518 4356 547 4420 et
571 4357 675 4433 aperto
699 4350 822 4415 homine
846 4350 1055 4435 proferantur,
1077 4374 1139 4416 non
1157 4349 1263 4435 displi-

171 4458 306 4540 uoebunt5
338 4480 416 4547 quae
447 4467 618 4548 sequuntur
641 4462 666 4524 si
690 4461 811 4528 brevius
835 4467 936 4527 esseut
960 4461 1139 4539 enunciata,
1164 4459 1262 4524 multo
