3074 5210
623 441 684 504 las

119 653 200 709 antea
234 644 373 708 universa
410 641 491 705 bone
526 638 736 724 postulavisse.
783 637 893 721 Itaque
928 657 988 700 riou
1018 632 1095 698 facio
1127 652 1195 692 curn

117 759 228 822 Cobeto
248 755 395 818 scribente
423 756 458 824 ὡς
488 753 517 818 δὲ
540 753 592 824 την
615 753 705 825 αὐτην
728 749 962 833 ἀμφισβήτησιν.
999 745 1196 808 Discrdmt'm's

115 868 213 952 potius
236 867 366 932 rationes
389 863 499 929 reddit.

155 977 278 1057 πρόιτε
303 977 379 1054 ὑμᾶς
403 975 452 1040 να)
476 973 541 1046 τοὺς
566 971 688 1044 ἰδιώτας.
724 969 882 1054 Temporis
909 966 1015 1034 ordine
1038 963 1196 1028 observato

113 1069 223 1160 ἰδιώτας
247 1089 423 1174 praecedere
447 1085 592 1163 debebat;
617 1092 690 1148 sunt
713 1084 793 1148 enim
818 1085 1029 1162 Ἐρασιφῶντος
1049 1079 1150 1142 οἰκεῖοι.

154 1197 204 1270 ἕως
224 1201 277 1277 μὲν
296 1202 355 1281 γαρ
375 1204 443 1276 ἡμῖν
463 1200 487 1264 οἱ
508 1202 608 1277 Ἑρασ.
628 1197 719 1262 οἰκεῖοι
737 1233 782 1246 ·-
799 1194 922 1260 ἅπαντα
941 1189 1032 1268 ἠξίουν
1044 1189 1104 1266 ἐμοὶ
1116 1181 1196 1252 εἶναι.

114 1313 261 1398 Opposita
283 1318 356 1376 sunt
380 1333 459 1394 quae
480 1311 497 1394 d
522 1311 540 1371 6
565 1308 711 1393 leguntur
734 1306 830 1382 ἐπειδη
853 1305 877 1370 δ’
899 1305 965 1384 ὑμῖν
984 1339 1029 1352 -
1048 1299 1139 1384 ἀφεὶς
1159 1306 1195 1381 τῇ

113 1427 190 1492 πόλει
214 1425 254 1490 τοὶ
278 1423 324 1488 δύο
348 1423 428 1502 μέρη.

153 1537 202 1602 καὶ
226 1536 266 1602 τοι
289 1536 342 1612 μὲν
358 1542 496 1616 Σφηττοῖ
512 1570 574 1610 -‚
598 1532 701 1596 τῶνδὲ
721 1538 835 1598 Κιαννοῖ
847 1529 896 1596 καὶ
916 1537 968 1603 rt:
988 1527 1087 1598 οἰκίας.
1113 1525 1197 1590 Haeo

114 1648 146 1712 ab
180 1655 281 1712 actore
312 1669 450 1731 possesse
480 1654 533 1708 ant
565 1642 717 1708 vindicata
751 1642 789 1708 ad
816 1642 897 1708 bona
926 1638 1102 1704 Erasistrati
1134 1661 1199 1722 per·-

114 1759 266 1836 tinebant;
293 1758 368 1842 ott
396 1755 442 1820 6.’
471 1755 584 1830 Eorum
609 1755 848 1824 aestimationem
873 1752 1016 1839 proponit
1038 1753 1054 1835 ξ
1079 1753 1107 1815 7.
1144 1748 1198 1812 Ce-

115 1877 208 1934 terum
240 1869 314 1934 haee
345 1867 405 1952 (nal
436 1868 476 1932 rat
498 1868 552 1946 μὲν
572 1906 616 1918 -
639 1867 749 1952 ἔχουσι)
774 1889 827 1951 per
850 1863 1045 1951 parenthesin
1068 1862 1199 1946 interpo-

115 1981 167 2044 sita
197 1980 356 2044 illustrant
380 1979 536 2062 superiora
558 1979 571 2042 ὂ
595 1975 819 2058 Ἐρασίστρατος
845 1977 961 2054 ἡττήθη.
1007 1974 1066 2038 Per
1089 1973 1200 2052 brennat-

56 2083 58 2096 '
114 2099 204 2172 φαντο
234 2091 315 2156 redit
341 2091 379 2154 ad
404 2090 618 2173 ’Ἐρασιφῶντος
645 2090 777 2167 οἰκείους,
807 2090 861 2173 qui
891 2110 946 2173 pro
977 2085 1197 2171 Eresiphonte‚

114 2211 276 2268 mercatore
299 2225 424 2268 causam
448 2201 598 2268 dicebant.

155 2315 255 2394 τέρασι
286 2313 448 2399 superiore
472 2335 569 2390 anno,
595 2319 709 2378 aestate
733 2313 782 2396 (ol.
807 2315 860 2378 Ar.
885 2313 961 2377 Aah.
987 2315 1081 2398 378),
1106 2333 1201 2396 quum

114 2426 294 2492 nautodicae
325 2427 373 2490 ins
405 2448 468 2490 non
500 2424 652 2490 dicebant.
699 2425 807 2490 Hieme
842 2426 979 2490 insecuta
1009 2447 1112 2490 mense
1142 2425 1200 2488 Ga

115 2538 244 2604 melione
274 2537 387 2602 frustra
416 2543 452 2600 ut
480 2537 528 2600 ins
552 2535 689 2600 dicerent
711 2537 810 2620 rogati
834 2545 928 2601 eraut.
976 2535 1068 2600 Nunc
1090 2559 1137 2600 res
1161 2535 1199 2598 ad

116 2671 205 2714 novos
229 2649 409 2714 nautodicas
434 2649 545 2714 reiecta
568 2655 648 2727 erat,
673 2651 690 2734 t
714 2653 732 2712 8
757 2651 822 2722 τοὺς
846 2655 893 2716 νῦν
916 2649 1102 2726 ναυτοδίκας,
1123 2669 1200 2733 qnos

116 2768 300 2838 antestatur‚
324 2769 360 2826 ut
391 2761 587 2838 confirment,
620 2783 743 2826 causam
774 2785 805 2826 se
837 2752 1091 2826 adeoessoribns
1107 2763 1197 2844 (quos

115 2872 176 2944 τοὺς
200 2873 316 2960 τέρασιν
338 2871 486 2952 ἄρξαντας
510 2871 597 2955 dicit)
621 2873 781 2956 accepisse.
803 2937 807 2948 ,

156 2983 230 3048 Sine
261 2983 515 3048 commentatione
546 2982 687 3068 diligenti
718 2992 771 3050 aut
798 2984 961 3069 interprete
985 2985 1059 3048 haec
1083 2983 1132 3046 vix
1154 2983 1200 3046 in·

116 3094 321 3180 telleguntur3
343 3095 369 3158 si
388 3093 503 3160 iudices
523 3093 601 3160 nihil
616 3103 739 3179 ,praeter
759 3095 847 3173 haec,
868 3118 946 3180 quae
965 3118 1048 3160 nunc
1065 3102 1199 3172 exstant,

116 3206 319 3284 audivissent,
352 3206 427 3271 οὐδὲν
458 3206 512 3281 ἄν,
545 3213 580 3269 ut
610 3227 681 3270 oum
705 3207 908 3292 Aristophane
932 3207 1056 3290 loquar,
1081 3203 1155 3270 εἶδον
1178 3206 1201 3268 εἰ

116 3319 154 3393 dit
185 3325 239 3390 τῆς
270 3315 573 3398 disterminabat,
599 3339 654 3382 neo
678 3316 836 3400 probabile
860 3327 906 3382 est
928 3340 979 3382 eos
1003 3317 1115 3380 oratori
1138 3338 1226 3379 remi

117 3427 344 3494 adiudicaturus
368 3429 481 3506 fuisse,
508 3437 538 3492 et
562 3429 616 3514 qui
634 3427 708 3492 talia
727 3429 765 3494 ad
786 3429 1032 3514 persuadendum
1051 3436 1122 3514 apta
1139 3451 1204 3492 esse

117 3549 251 3621 putaret,
277 3541 405 3606 oratoris
428 3541 550 3604 nomine
574 3563 638 3605 non
662 3548 742 3606 esset
761 3539 883 3626 diguus.
916 3543 1038 3606 Dantur
1058 3542 1107 3605 hic
1126 3563 1204 3624 quae

117 3651 150 3713 ad
175 3651 373 3737 divinandam
397 3675 518 3716 causam
542 3659 615 3716 sunt
638 3654 822 3729 necessaria,
848 3676 910 3717 non
935 3675 1012 3737 quae
1036 3653 1075 3716 ad
1094 3651 1203 3715 docen-

119 3760 169 3826 dos
194 3763 358 3828 auditores.
405 3763 511 3847 Longe
542 3763 638 3827 maior
668 3787 736 3848 pers
765 3765 910 3849 temporis
934 3764 1044 3828 iniuria
1069 3763 1201 3839 interiit3

118 3874 206 3938 etiem
238 3898 272 3938 ea
303 3897 380 3960 quae
412 3885 576 3960 supersunt
605 3875 717 3938 omisso
741 3876 873 3940 transitu
898 3885 929 3939 et
952 3898 1043 3939 causa
1067 3897 1120 3938 cnr
1144 3875 1203 3938 sin·

118 3985 188 4065 gula
207 3985 372 4051 afferantur
388 3987 441 4074 (ef.
462 3991 674 4070 argumentum
697 4009 714 4050 a
734 4009 782 4050 me
799 3986 916 4070 datum)
932 3984 1011 4049 male
1029 3982 1201 4050 cobserent.

117 4093 276 4162 Probabile
299 4099 374 4164 mihi
398 4082 536 4176 videtur,
562 4120 625 4162 esse
649 4099 727 4162 hane
751 4095 917 4162 orationem
936 4096 1203 4176 commentarium,

118 4216 170 4271 aut
192 4211 294 4300 potius
318 4215 490 4302 excerptam
514 4232 578 4274 esse
602 4231 638 4274 ex
662 4210 795 4298 genuina
819 4208 956 4295 Lysiaca.
