3126 5210
324 638 423 710 ἄλλως
444 638 603 714 δημοτικός.
640 637 678 700 In
708 659 769 721 quo
800 638 910 702 servire
935 639 1057 704 videtur
1081 650 1278 726 argumento,
1302 652 1339 708 ut
1361 645 1419 727 pri-

324 751 435 814 stiuam
460 751 650 813 severitatem
674 749 857 813 iudiciorum
883 750 1027 828 extollat,
1054 753 1206 836 siquidem
1221 754 1283 817 iam
1301 755 1420 817 Aristo-
1539 751 1540 788 ³

324 861 440 945 phanee
464 859 951 940 111111111οοοκεσφ11111111111111
975 867 1006 922 et
1030 860 1103 925 alibi
1128 870 1158 926 et
1182 863 1213 926 in
1230 863 1419 928 Ecclesiam-

324 971 431 1035 11171.
456 969 545 1033 Hanc
560 968 696 1032 fabulam
712 991 782 1032 cum
799 968 921 1032 doctam
940 991 1004 1033 esse
1017 977 1137 1036 constet
1148 994 1175 1035 a.
1190 975 1273 1049 393,
1292 981 1418 1057 apparet

323 1080 564 1155 accusationem,
583 1079 633 1142 cui
652 1078 706 1162 qni
722 1100 803 1141 anno
820 1081 883 1140 346
905 1101 992 1142 senes
1009 1087 1097 1143 erant
1110 1081 1338 1160 interfuissent,
1356 1105 1417 1146 non

325 1200 396 1254 ante
420 1212 447 1253 a.
465 1191 548 1265 393,
573 1211 673 1272 neque
688 1210 759 1251 vero
775 1189 874 1252 multo
891 1197 962 1272 post
977 1189 1151 1253 institutam
1167 1191 1271 1255 fuisse.
1296 1191 1417 1256 Poenae
1539 1223 1540 1266 g

324 1323 356 1363 11
380 1299 470 1364 exilio
494 1299 679 1375 substraxit,
705 1299 743 1363 11.
768 1298 857 1362 Dem.
881 1300 897 1383 q
921 1300 995 1363 280.
1020 1337 1065 1348 -
1095 1299 1148 1363 Bis
1173 1309 1337 1365 accusatus
1355 1310 1415 1380 est3

324 1409 377 1474 sed
402 1432 437 1473 eo
461 1408 593 1486 iudicio,
620 1409 703 1492 quod
727 1417 797 1472 ante
822 1409 901 1472 hano
925 1409 1094 1474 orationem
1119 1411 1261 1475 habitum
1286 1418 1351 1489 est,
1368 1412 1417 1476 ab·
1539 1477 1540 1486 ,

324 1520 445 1583 solutus
475 1521 491 1604 1
522 1523 557 1597 1;
590 1542 625 1582 11
656 1519 813 1584 referenda
844 1531 891 1584 est
913 1520 1072 1584 Plutarchi
1095 1523 1229 1586 narratio
1254 1523 1287 1586 in
1310 1522 1415 1606 Pelop.

325 1651 350 1692 c.
377 1632 429 1693 30.
476 1629 648 1692 Accusatus
679 1628 759 1692 enim
791 1629 874 1712 quod
901 1630 1061 1713 pecuniam
1086 1653 1104 1694 a
1127 1630 1210 1715 Rege
1234 1632 1414 1715 accepisset,

323 1744 446 1802 tantum
470 1738 570 1802 abfuit
593 1745 630 1801 ut
653 1746 792 1821 negaret,
818 1747 853 1802 ut
877 1741 1049 1823 optandum
1073 1764 1138 1805 esse
1154 1741 1370 1819 contenderet,
1391 1743 1417 1804 11
1539 1750 1540 1800 t

324 1871 378 1932 pro
409 1869 518 1911 novem
555 1847 753 1910 archontibus
785 1869 894 1911 novem
925 1849 1020 1932 legati
1051 1850 1090 1913 ad
1113 1849 1228 1934 Regem
1252 1852 1416 1934 quotannis

324 1966 509 2022 crearentur.
557 1957 628 2037 Quo
652 1957 734 2021 dicto
759 1958 811 2021 ille
834 1958 930 2021 risum
954 1960 1051 2022 movit
1075 1959 1252 2023 auditorum
1276 1967 1307 2024 et
1331 1980 1416 2023 11111-
1539 1983 1540 1990 “

324 2069 432 2132 satoris
445 2067 507 2131 tela
520 2067 651 2132 obtudit.
685 2067 792 2130 Altera
807 2067 862 2131 illa
877 2069 1048 2146 accusatio,
1065 2067 1104 2130 ad
1121 2065 1212 2151 quam
1229 2069 1305 2133 haee
1321 2071 1416 2133 oratio
1539 2131 1540 2151 ,

323 2178 459 2262 pertinet
481 2199 557 2241 1111111
581 2199 615 2240 11
638 2178 696 2260 111,
717 2176 756 2241 de
775 2199 836 2260 qua
859 2176 942 2261 apud
966 2177 1205 2242 Demosthenem
1230 2200 1329 2241 sermo
1353 2186 1414 2255 est,

324 2310 387 2352 non
409 2287 529 2370 liquido
553 2293 682 2351 constat.

369 2397 454 2479 Quid
486 2400 567 2462 enim
593 2397 730 2482 Epicrati
758 2419 842 2461 nunc
866 2397 1019 2462 obiectum
1044 2397 1139 2463 fuerit
1161 2420 1314 2482 nusquam
1339 2398 1416 2462 clare
1539 2417 1540 2422 ’

324 2509 447 2573 dicitur.
474 2508 672 2590 ΙΔωροδοκίοοεο
704 2509 732 2571 ei
763 2506 884 2571 crimini
914 2507 1017 2570 datam
1045 2507 1138 2570 fuisse
1162 2529 1197 2570 ex
1222 2509 1238 2593 q
1261 2511 1281 2570 3
1307 2507 1415 2571 efficias
1539 2504 1540 2518 ¹

260 2647 261 2651 ¹
324 2618 419 2704 (thado
449 2619 498 2682 κοο)
523 2618 653 2698 πρότερον
678 2617 727 2694 ἤδη
751 2618 861 2697 δώρων
884 2618 1054 2702 ἐκρίθησαν).
1106 2617 1276 2701 Legatione
1293 2618 1414 2682 iunctus
1539 2611 1540 2674 1

325 2751 471 2794 essenon
494 2729 594 2814 nisiq
619 2732 635 2791 1
661 2727 792 2791 dicitur:
817 2727 1016 2808 κατηγόρηται
1039 2726 1092 2803 μὲν
1116 2727 1308 2808 Ἐπικράτους
1331 2728 1415 2792 iactat

324 2841 373 2904 aei
396 2845 452 2904 τῶν
475 2839 731 2919 συμπρεσβευτῶν.
779 2837 839 2902 Sed
863 2860 941 2921 quae
964 2838 997 2901 in
1018 2837 1138 2921 reliqua
1156 2837 1294 2902 oratione
1313 2838 1417 2902 dicun-

324 2957 375 3013 tur
405 2972 468 3013 non
491 2948 645 3034 quadrant
664 2949 696 3013 in
720 2950 837 3034 legatos
857 2949 910 3014 sed
930 2950 963 3013 in
980 2949 1175 3034 demagogos.
1200 2949 1417 3012 Persuaserant

325 3082 413 3145 saepe
430 3059 544 3144 populo
561 3059 683 3123 solitam
703 3059 873 3124 mercedem
890 3059 1082 3136 defuturam,
1095 3059 1156 3122 nisi
1168 3058 1328 3122 damnaret
1341 3080 1416 3140 quos
1539 3099 1540 3154 3

323 3170 376 3233 isti
398 3169 557 3234 damnatos
582 3174 729 3253 cuperent
752 3170 780 3253 (q
805 3170 852 3251 l)3
878 3190 910 3231 re
933 3168 1042 3252 populi
1066 3168 1240 3232 defensores
1258 3167 1401 3232 dixerant
1407 3193 1416 3244 ;

325 3274 387 3344 iani
417 3290 506 3344 antea
538 3285 662 3365 propter
693 3278 774 3342 dona
805 3284 930 3362 accepta
960 3299 1082 3341 cansam
1110 3277 1250 3342 dixerant
1281 3279 1343 3361 (2J3
1375 3277 1418 3340 di·

325 3389 422 3454 cendo
453 3389 586 3452 valentes
618 3393 649 3450 11
680 3386 790 3471 opibus
815 3409 849 3450 ex
874 3387 997 3451 iudiciis
1021 3387 1120 3451 illaesi
1143 3387 1269 3453 abibant
1292 3389 1355 3471 (6),
1381 3387 1420 3451 ef·
1539 3469 1540 3472 Ἴ

325 3501 475 3576 fecerant,
500 3505 537 3561 ut
560 3497 619 3581 ipsi
640 3497 721 3561 bello
745 3496 943 3574 ditescerent,
962 3497 1041 3560 cives
1059 3489 1160 3561 essent
1176 3519 1325 3582 pauperes
1342 3500 1418 3582 (10).

325 3607 371 3672 111
394 3631 465 3686 vos,
491 3608 593 3690 inquit
612 3614 725 3688 orator,
746 3606 861 3670 redacti
882 3607 971 3684 11111,
994 3615 1045 3684 ut,
1067 3608 1204 3690 quamvis
1223 3607 1345 3684 miseri,
1366 3607 1420 3671 mi-

326 3719 468 3782 serabiles
500 3740 561 3781 non
585 3716 768 3794 videamini,
794 3717 882 3800 quasi
905 3717 1007 3794 noxii,
1033 3716 1102 3780 illos
1125 3717 1312 3782 miseremini
1336 3718 1420 3781 velut

324 3830 478 3905 insontes,
503 3827 556 3890 isti
579 3849 662 3890 nune
685 3826 803 3890 domini
826 3825 979 3904 videntur,
1005 3848 1058 3888 vos
1083 3827 1258 3910 servi(12).
1283 3825 1418 3891 Omnino

324 3940 398 4003 haec
420 3960 567 4023 perquam
591 3937 702 4000 similia
725 3943 799 4000 sunt
821 3937 877 4014 iis,
901 3958 981 4019 quae
1004 3934 1127 4020 Lysias,
1152 3958 1207 4021 pro
1232 3936 1303 4001 bon.
1344 3933 1416 4000 Nic.

324 4047 426 4112 fratris
459 4048 535 4130 (18).
570 4047 610 4108 16
643 4054 674 4110 11
706 4043 929 4110 Demosthenes
961 4045 1088 4131 Olynth.
1118 4050 1148 4111 3.
1173 4029 1306 4111 3'0-32
1331 4048 1419 4112 1111111
1539 4087 1540 4144 }

326 4157 496 4222 oratoribus
528 4157 647 4240 (ῥήτορσι
675 4156 765 4240 Lya,
790 4165 849 4228 τοῖς
873 4157 1100 4233 πολιτευομένοις
1125 4157 1226 4238 Dem.)
1251 4157 1417 4234 obiiciunt,

325 4290 382 4333 nec
411 4268 477 4332 ullo
508 4267 599 4331 modo
631 4273 759 4350 possunt
791 4266 829 4330 de
852 4267 961 4351 legatis
991 4267 1104 4353 accipi,
1130 4289 1259 4350 quorum
1285 4274 1418 4351 potestas

325 4378 409 4443 brevi
433 4377 552 4455 finitur,
577 4377 610 4441 hi
633 4399 695 4440 non
720 4385 848 4461 possunt
871 4377 926 4442 diu
950 4377 1048 4442 iuncti
1071 4378 1151 4444 inter
1171 4400 1203 4440 se
1218 4379 1331 4442 sensim
1346 4399 1418 4462 pan·
