3128 5208
854 479 894 538 52

328 681 387 746 οιιΉι
410 687 462 755 τῆς
485 678 585 750 ἀδείας
605 677 734 754 inserui,
756 676 848 760 vulgo
869 675 955 740 nulla
974 685 1047 742 aunt
1065 678 1192 744 lacunae
1212 681 1342 759 indicia3
1364 703 1420 746 nec

328 799 392 856 tam
414 798 566 877 praestare
589 811 715 875 possum
738 788 813 852 haee
835 789 902 872 ipsa
924 788 1033 868 verba,
1050 813 1143 875 quam
1159 791 1277 878 aliquid
1293 794 1420 858 omnino

328 903 476 968 omissum
506 923 588 978 esse;
620 921 690 963 nam
721 899 858 984 quamvis
892 900 1017 964 verbum
1047 902 1169 967 finitum
1192 906 1364 988 (ὠφελήσει)
1387 906 1418 970 in

328 1014 525 1078 altercatione
549 1014 725 1091 omittatur,
749 1011 807 1075 hoc
830 1019 932 1077 tamen
955 1013 1023 1078 loco
1047 1037 1084 1078 ex
1107 1017 1317 1101 superioribus
1339 1018 1420 1101 cogi-

326 1127 442 1190 tatione
465 1147 526 1190 non
550 1124 638 1188 facile
662 1123 832 1208 suppletur.
869 1122 957 1203 Quae
981 1125 1019 1189 ad
1042 1127 1172 1208 ἐπαρθείς
1192 1129 1419 1194 emendandum

326 1238 482 1324 proposita
505 1242 577 1301 sunt
600 1237 762 1319 (οέποροῦοι,
787 1234 951 1300 Westerm.
961 1261 970 1313 3
988 1237 1035 1301 ἐπὶ
1051 1235 1155 1318 προέσει
1172 1238 1311 1324 Scheibe)
1327 1247 1418 1304 acute

322 1350 448 1413 inventa
471 1348 524 1413 sed
548 1369 656 1432 parum
678 1345 849 1431 probabilia
872 1347 1032 1426 videntum
1056 1343 1201 1414 Reiskius
1224 1372 1347 1436 qnoque
1364 1351 1419 1414 ali·

324 1460 400 1546 quid
432 1460 580 1525 excidisse
611 1457 759 1543 putabat3
791 1458 936 1522 nimirum
966 1459 1063 1541 κέρδει.
1110 1459 1171 1524 Sed
1197 1461 1297 1535 ιὶδείοις
1320 1463 1418 1528 ἐλπίδι

323 1572 371 1637 vel
395 1571 493 1635 simile
517 1569 592 1655 quid
616 1565 744 1654 propius
767 1567 806 1631 ad
830 1591 935 1632 verum
958 1569 1099 1634 accedere
1124 1581 1199 1655 puto
1223 1579 1349 1658 propter
1364 1596 1417 1660 op-

323 1685 475 1770 positum:
499 1682 583 1748 οὶλλοὶ
606 1682 730 1761 μέτοικοι
757 1681 810 1759 μὲν
832 1679 882 1745 καὶ
905 1679 975 1757 ξένοι
999 1679 1105 1746 ἕνεκα
1133 1691 1195 1757 τῆς
1222 1686 1415 1761 μετοικίας

323 1794 451 1877 ὠφέλουν
481 1796 532 1870 τὴν
563 1793 657 1860 πόλιν.
705 1792 756 1855 Ad
779 1791 1005 1856 defendendum
1027 1791 1140 1873 τούτῳ
1162 1793 1274 1871 οὶγαθὸν
1302 1793 1350 1879 (ἄν
1374 1798 1414 1879 τι)

321 1908 451 1986 γίγνοιτο
470 1929 553 1970 nunc
573 1905 702 1969 sufficiet
720 1927 817 1968 unum
837 1904 940 1968 locum
961 1903 1115 1982 attulisse,
1136 1926 1228 1990 supra
1246 1907 1276 1970 3.
1293 1909 1351 1970 ll:
1371 1903 1414 1973 οὗ·

319 2041 368 2089 νος
392 2015 599 2096 deicidarum
622 2055 667 2066 -
691 2016 878 2098 οιαρειιοέλεσέ
900 2040 982 2088 τινας
1005 2021 1061 2081 τῶν
1082 2017 1183 2081 τούτου
1206 2019 1273 2102 (pro
1296 2017 1413 2102 ἑαυτοῦ)

319 2129 493 2205 ἐπιτηδείων.
533 2128 626 2209 Quod
651 2129 677 2192 si
700 2127 923 2192 incredibiliter
946 2127 1058 2192 durum
1082 2128 1221 2192 videatur
1237 2129 1316 2194 conf.
1335 2131 1414 2194 eius·

319 2238 389 2304 dem
412 2240 558 2304 orationis
581 2240 598 2324 d
621 2240 663 2301 28
689 2247 720 2302 et
742 2239 837 2302 huius
859 2239 956 2322 ipsius
981 2239 1127 2302 orationis
1150 2240 1167 2324 d
1191 2241 1242 2303 11.
1282 2239 1320 2304 In
1345 2263 1414 2326 pro·

318 2351 408 2414 nimis
431 2351 551 2430 γίγνοιθ’
574 2348 603 2422 ἔς
628 2350 829 2414 substitutum
854 2373 872 2414 a
894 2373 942 2414 me
966 2357 1012 2414 est
1035 2373 1090 2436 pro
1113 2352 1233 2428 γίνοιντο
1256 2351 1382 2435 (Palat).

363 2461 422 2526 Per
445 2463 523 2526 hane
546 2462 809 2546 opportunitatem
832 2462 917 2525 inrat
940 2461 978 2526 ad
1001 2461 1171 2526 Andocidis
1188 2464 1357 2528 orationem
1374 2465 1410 2528 dc

319 2576 479 2658 Mystert'a'a
502 2597 614 2660 paucas
636 2573 785 2711 gnasdam
809 2573 914 2638 afferre
938 2573 1175 2638 emendationes.

361 2689 378 2772 d
403 2689 453 2750 19.
500 2687 551 2750 ra
579 2688 631 2766 μὲν
662 2687 806 2764 γενόμενα
835 2685 996 2760 ἠκούσατε,
1025 2681 1054 2749 ὦ
1076 2686 1187 2769 ἄνδρες,
1216 2687 1266 2751 καὶ
1290 2687 1359 2766 ὑμῖν
1382 2689 1406 2752 οἱ

316 2799 459 2879 μοίρτνρες
482 2799 759 2878 μεμαρτυρήκασιν·
787 2794 855 2861 tt'
880 2798 905 2860 οἱ
928 2798 1082 2876 κατήγοροι
1106 2798 1274 2875 ἐτόλμησαν
1297 2800 1405 2882 εἰπεῖν,

314 2912 533 2990 ἀναμνήσθητε.
564 2911 600 2973 οὐ
630 2909 690 2989 γὰρ
719 2908 769 2972 καὶ
805 2907 910 2972 δίκαιον
944 2907 1171 2985 ἀπολογεῖσθαι,
1201 2910 1406 2988 ἀναμιμνή-

314 3047 464 3093 σκοντας
496 3022 561 3091 τοὺς
584 3025 640 3085 τῶν
662 3017 830 3100 κατηγόρων
853 3019 958 3096 λόγους
986 3018 1172 3099 ἐξελέγχειη
1199 3020 1405 3106 Interrogatio

313 3133 386 3197 huic
408 3133 475 3197 loco
499 3155 607 3218 parum
630 3139 701 3217 apta
725 3139 780 3196 est.
810 3131 990 3216 Legendum
1014 3130 1085 3198 οὕτω
1109 3134 1169 3213 γοὶρ
1192 3159 1218 3198 κ.
1234 3134 1259 3201 δ.
1275 3135 1305 3199 οἱ.
1330 3136 1404 3200 dua

313 3246 515 3323 μιμνήσκονοα
536 3271 565 3311 ιι.
588 3265 614 3310 ο.
638 3246 661 3308 ἑ.
685 3267 779 3322 „nam
802 3245 846 3309 sic
869 3246 962 3309 etiam
984 3245 1100 3310 iustum
1124 3254 1170 3309 est
1193 3250 1268 3330 (non
1283 3252 1403 3310 tanturn

314 3356 426 3442 „utile)
460 3356 667 3420 defensionem
696 3356 877 3434 instituere,
913 3357 939 3419 si
972 3355 1004 3420 in
1036 3357 1212 3420 memoriam
1243 3357 1329 3422 vobis
1361 3379 1404 3420 re·

314 3490 442 3547 „vocem
465 3475 495 3531 et
518 3466 610 3531 simul
632 3465 869 3550 redarguam.'’'
1221 3459 1225 3472 '

357 3581 374 3663 ξ
398 3581 450 3642 86.
496 3577 654 3642 Recitatur
676 3577 742 3641 lex:
768 3575 898 3660 ἀγράφῳ
919 3578 949 3642 δὲ
971 3578 1046 3658 νόμῳ
1068 3579 1124 3646 τοὶς
1144 3579 1244 3659 ἄρχοις
1267 3579 1310 3656 dd
1328 3587 1402 3660 96ρῆ·

312 3690 378 3755 σθαι
400 3689 473 3768 μηδὲ
492 3689 554 3770 περὶ
575 3681 644 3760 ἑνός.
679 3687 758 3752 Tum
781 3687 868 3752 addit
891 3694 1008 3752 orator:
1034 3681 1092 3769 οἶροὶ
1114 3689 1153 3765 γέ
1175 3690 1236 3753 ἐστι
1258 3695 1343 3755 τοῦτο
1358 3687 1400 3755 ὅτι

312 3801 492 3881 περιέλειιονο
525 3800 582 3884 (sic
611 3799 698 3887 libri)
731 3799 793 3879 περὶ
826 3797 890 3864 ὄνον
920 3795 974 3864 οἷόν
1003 3824 1037 3864 τε
1061 3799 1077 3875 ἢ
1101 3801 1196 3880 ἀρχὴν
1219 3797 1399 3878 εἷςοέγειν,ἢ

312 3912 390 3990 ὑμῶν
421 3909 533 3992 πρᾶξαί
559 3935 627 3988 τινι,
651 3910 722 3975 ἀλλ’
748 3911 764 3985 ἢ
788 3909 870 3975 κοντοὶ
891 3910 958 3982 τοὺς
980 3910 1263 3989 ἀναγεγραμμένους
1287 3911 1398 3990 νόμους.

312 4020 492 4106 Legendum
511 4027 603 4107 puto:
627 4015 686 4102 οἶροὲ
707 4019 739 4098 γ’
759 4022 837 4086 ἔστιν
856 4019 874 4085 δ’
888 4046 920 4086 τι
942 4020 1234 4101 περιελέλειοιοο,
1255 4023 1318 4105 περὶ
1335 4020 1398 4088 ὅταν

311 4128 366 4199 οἶόν
389 4132 417 4197 τ’
441 4130 477 4209 ἦν
500 4132 516 4209 ἢ
539 4135 636 4214 ἀρχὴν
658 4131 796 4215 εἰςοέγειν,
823 4131 839 4207 ἢ
863 4133 941 4210 ὑμῶν
964 4131 1077 4212 πρᾶξαί
1097 4157 1194 4210 τινα,
1218 4132 1316 4204 ἄλλως
1336 4137 1397 4210 ἢκ.

309 4268 338 4310 τ.
366 4245 397 4310 οὶ.
422 4268 446 4309 ν.
493 4225 700 4330 „Superestne
724 4243 859 4329 aliquid,
884 4244 916 4307 in
940 4267 975 4308 ca
997 4244 1064 4328 lege
1088 4245 1251 4324 omissum,
1276 4245 1396 4330 dequo

310 4354 444 4434 „refeme
459 4371 461 4376 ·
466 4365 570 4440 posset
584 4356 795 4441 magistratus,
813 4364 867 4418 aut
883 4355 966 4440 quod
982 4356 1145 4442 qnisquam
1160 4363 1294 4422 vestrum
1309 4377 1395 4441 agere

310 4474 452 4551 „posset,
476 4467 538 4530 nisi
561 4466 729 4531 secundum
752 4466 834 4550 leges
856 4467 1020 4552 rescriptas
1029 4465 1063 4529 ?”
