<?xml version="1.0" encoding="UTF-8"?>
<!DOCTYPE html PUBLIC "-//W3C//DTD XHTML 1.0 Transitional//EN"
    "http://www.w3.org/TR/xhtml1/DTD/xhtml1-transitional.dtd">
<html xmlns="http://www.w3.org/1999/xhtml" xml:lang="en" lang="en">
 <head>
  <title>
</title>
<meta http-equiv="Content-Type" content="text/html;charset=utf-8" />
  <meta name='ocr-system' content='tesseract 3.04.00' />
  <meta name='ocr-capabilities' content='ocr_page ocr_carea ocr_par ocr_line ocrx_word'/>
</head>
<body>
  <div class='ocr_page' id='page_1' title='image "./commentationesl02frangoog_0176.png"; bbox 0 0 3126 5210; ppageno 0'>
   <div class='ocr_carea' id='block_1_1' title="bbox 637 424 698 486">
    <p class='ocr_par' dir='ltr' id='par_1_1' title="bbox 637 424 698 486">
     <span class='ocr_line' id='line_1_1' title="bbox 637 424 698 486; baseline 0 -1"><span class='ocrx_word' id='word_1_1' title='bbox 637 424 698 486; x_wconf 80' lang='lat'><strong>161</strong></span> 
     </span>
    </p>
   </div>
   <div class='ocr_carea' id='block_1_2' title="bbox 147 617 1262 4538">
    <p class='ocr_par' dir='ltr' id='par_1_2' title="bbox 147 617 1247 2118">
     <span class='ocr_line' id='line_1_2' title="bbox 190 617 1240 706; baseline -0.004 -20"><span class='ocrx_word' id='word_1_2' title='bbox 190 625 257 706; x_wconf 69' lang='lat' dir='ltr'><strong>tt.</strong></span> <span class='ocrx_word' id='word_1_3' title='bbox 306 623 437 696; x_wconf 72' lang='grc' dir='ltr'><em>εἰπόντος</em></span> <span class='ocrx_word' id='word_1_4' title='bbox 469 623 498 688; x_wconf 71' lang='grc' dir='ltr'><strong>δὲ</strong></span> <span class='ocrx_word' id='word_1_5' title='bbox 528 623 630 688; x_wconf 81' lang='grc' dir='ltr'><em>τούτου</em></span> <span class='ocrx_word' id='word_1_6' title='bbox 662 620 704 686; x_wconf 83' lang='grc' dir='ltr'><strong>ότι</strong></span> <span class='ocrx_word' id='word_1_7' title='bbox 738 620 908 692; x_wconf 78' lang='grc' dir='ltr'><em>Πλοτοιιεὺι</em></span> <span class='ocrx_word' id='word_1_8' title='bbox 932 617 992 694; x_wconf 84' lang='grc' dir='ltr'><em>είη,</em></span> <span class='ocrx_word' id='word_1_9' title='bbox 1017 617 1122 698; x_wconf 76' lang='grc' dir='ltr'><em>ἠρόμην</em></span> <span class='ocrx_word' id='word_1_10' title='bbox 1142 617 1240 684; x_wconf 88' lang='grc' dir='ltr'><em>θπόθεν</em></span> 
     </span>
     <span class='ocr_line' id='line_1_3' title="bbox 148 728 1240 814; baseline -0.011 -10"><span class='ocrx_word' id='word_1_11' title='bbox 148 733 343 811; x_wconf 70' lang='grc' dir='ltr'><strong>δημοτεύοιτο,</strong></span> <span class='ocrx_word' id='word_1_12' title='bbox 377 733 606 814; x_wconf 81' lang='grc' dir='ltr'><em>ποοροιινέοωντίς</em></span> <span class='ocrx_word' id='word_1_13' title='bbox 634 754 708 804; x_wconf 75' lang='grc' dir='ltr'><em>τινος</em></span> <span class='ocrx_word' id='word_1_14' title='bbox 739 737 795 796; x_wconf 83' lang='grc' dir='ltr'><em>τῶν</em></span> <span class='ocrx_word' id='word_1_15' title='bbox 818 730 965 810; x_wconf 91' lang='grc' dir='ltr'><em>πονρόντων</em></span> <span class='ocrx_word' id='word_1_16' title='bbox 989 728 1240 810; x_wconf 78' lang='grc' dir='ltr'><em>προςκωνὲοωοθοοι</em></span> 
     </span>
     <span class='ocr_line' id='line_1_4' title="bbox 149 837 1242 926; baseline -0.005 -18"><span class='ocrx_word' id='word_1_17' title='bbox 149 842 194 905; x_wconf 86' lang='grc' dir='ltr'><em>κοί</em></span> <span class='ocrx_word' id='word_1_18' title='bbox 217 845 287 924; x_wconf 79' lang='grc' dir='ltr'><em>πρὸς</em></span> <span class='ocrx_word' id='word_1_19' title='bbox 310 847 362 920; x_wconf 77' lang='grc' dir='ltr'><em>την</em></span> <span class='ocrx_word' id='word_1_20' title='bbox 385 845 503 926; x_wconf 76' lang='grc' dir='ltr'><em>φυλήν,</em></span> <span class='ocrx_word' id='word_1_21' title='bbox 527 839 633 917; x_wconf 76' lang='grc' dir='ltr'><em>ἧςτιννς</em></span> <span class='ocrx_word' id='word_1_22' title='bbox 656 837 728 908; x_wconf 80' lang='grc' dir='ltr'><em>είνοιι</em></span> <span class='ocrx_word' id='word_1_23' title='bbox 752 841 921 916; x_wconf 77' lang='grc' dir='ltr'><em>σκήπτοιτο.</em></span> <span class='ocrx_word' id='word_1_24' title='bbox 969 839 1129 904; x_wconf 88' lang='lat' dir='ltr'><strong>Postrema</strong></span> <span class='ocrx_word' id='word_1_25' title='bbox 1151 837 1242 903; x_wconf 86' lang='lat' dir='ltr'><strong>verba</strong></span> 
     </span>
     <span class='ocr_line' id='line_1_5' title="bbox 149 949 1241 1037; baseline -0.001 -23"><span class='ocrx_word' id='word_1_26' title='bbox 149 975 260 1033; x_wconf 83' lang='grc' dir='ltr'><em>πωριιιν.</em></span> <span class='ocrx_word' id='word_1_27' title='bbox 285 993 331 1004; x_wconf 90' lang='lat'>-</span> <span class='ocrx_word' id='word_1_28' title='bbox 353 977 464 1027; x_wconf 84' lang='grc' dir='ltr'><em>σκηπτ.</em></span> <span class='ocrx_word' id='word_1_29' title='bbox 495 951 550 1017; x_wconf 93' lang='lat' dir='ltr'><strong>illo</strong></span> <span class='ocrx_word' id='word_1_30' title='bbox 581 953 649 1017; x_wconf 94' lang='lat' dir='ltr'><strong>loco</strong></span> <span class='ocrx_word' id='word_1_31' title='bbox 681 950 829 1037; x_wconf 82' lang='lat' dir='ltr'><strong>laugnida</strong></span> <span class='ocrx_word' id='word_1_32' title='bbox 858 959 947 1029; x_wconf 84' lang='lat' dir='ltr'><strong>suut,</strong></span> <span class='ocrx_word' id='word_1_33' title='bbox 972 957 1003 1014; x_wconf 87' lang='lat' dir='ltr'><strong>et</strong></span> <span class='ocrx_word' id='word_1_34' title='bbox 1027 957 1097 1036; x_wconf 90' lang='lat' dir='ltr'><strong>post</strong></span> <span class='ocrx_word' id='word_1_35' title='bbox 1120 949 1241 1014; x_wconf 88' lang='lat' dir='ltr'><strong>brevem</strong></span> 
     </span>
     <span class='ocr_line' id='line_1_6' title="bbox 147 1059 1242 1148; baseline -0.001 -24"><span class='ocrx_word' id='word_1_36' title='bbox 147 1061 228 1126; x_wconf 90' lang='lat' dir='ltr'><strong>illam</strong></span> <span class='ocrx_word' id='word_1_37' title='bbox 253 1065 440 1128; x_wconf 87' lang='lat' dir='ltr'><strong>seutentiam</strong></span> <span class='ocrx_word' id='word_1_38' title='bbox 463 1064 580 1148; x_wconf 76' lang='grc' dir='ltr'><em>(ἠρόμην</em></span> <span class='ocrx_word' id='word_1_39' title='bbox 603 1064 651 1129; x_wconf 89' lang='grc' dir='ltr'><strong>όπ.</strong></span> <span class='ocrx_word' id='word_1_40' title='bbox 676 1062 758 1145; x_wconf 82' lang='grc' dir='ltr'><em>δημ.)</em></span> <span class='ocrx_word' id='word_1_41' title='bbox 781 1061 873 1126; x_wconf 88' lang='lat' dir='ltr'><strong>nimia</strong></span> <span class='ocrx_word' id='word_1_42' title='bbox 899 1060 1059 1147; x_wconf 89' lang='lat' dir='ltr'><strong>producta.</strong></span> <span class='ocrx_word' id='word_1_43' title='bbox 1096 1059 1162 1124; x_wconf 85' lang='lat' dir='ltr'><strong>Neo</strong></span> <span class='ocrx_word' id='word_1_44' title='bbox 1179 1081 1242 1143; x_wconf 92' lang='lat' dir='ltr'><strong>quc</strong></span> 
     </span>
     <span class='ocr_line' id='line_1_7' title="bbox 148 1171 1240 1259; baseline 0.002 -27"><span class='ocrx_word' id='word_1_45' title='bbox 148 1171 270 1238; x_wconf 89' lang='lat' dir='ltr'><strong>vinculo</strong></span> <span class='ocrx_word' id='word_1_46' title='bbox 303 1175 376 1238; x_wconf 87' lang='lat' dir='ltr'><strong>haec</strong></span> <span class='ocrx_word' id='word_1_47' title='bbox 407 1196 476 1238; x_wconf 92' lang='lat' dir='ltr'><strong>cum</strong></span> <span class='ocrx_word' id='word_1_48' title='bbox 511 1172 718 1259; x_wconf 86' lang='lat' dir='ltr'><strong>superioribus</strong></span> <span class='ocrx_word' id='word_1_49' title='bbox 751 1172 920 1256; x_wconf 84' lang='lat' dir='ltr'><strong>iungantur</strong></span> <span class='ocrx_word' id='word_1_50' title='bbox 952 1171 1149 1236; x_wconf 85' lang='lat' dir='ltr'><strong>manifestum</strong></span> <span class='ocrx_word' id='word_1_51' title='bbox 1178 1178 1240 1249; x_wconf 68' lang='lat' dir='ltr'><strong>cst,</strong></span> 
     </span>
     <span class='ocr_line' id='line_1_8' title="bbox 149 1280 1242 1368; baseline 0 -24"><span class='ocrx_word' id='word_1_52' title='bbox 149 1283 269 1349; x_wconf 88' lang='lat' dir='ltr'><strong>etiamsi</strong></span> <span class='ocrx_word' id='word_1_53' title='bbox 306 1285 345 1348; x_wconf 91' lang='lat' dir='ltr'><strong>ad</strong></span> <span class='ocrx_word' id='word_1_54' title='bbox 385 1284 521 1348; x_wconf 88' lang='lat' dir='ltr'><strong>demotaa</strong></span> <span class='ocrx_word' id='word_1_55' title='bbox 553 1291 675 1348; x_wconf 89' lang='lat' dir='ltr'><strong>tantum</strong></span> <span class='ocrx_word' id='word_1_56' title='bbox 707 1291 761 1346; x_wconf 89' lang='lat' dir='ltr'><strong>aut</strong></span> <span class='ocrx_word' id='word_1_57' title='bbox 792 1281 877 1347; x_wconf 91' lang='lat' dir='ltr'><strong>aliud</strong></span> <span class='ocrx_word' id='word_1_58' title='bbox 912 1280 1042 1368; x_wconf 83' lang='lat' dir='ltr'>quodvis</span> <span class='ocrx_word' id='word_1_59' title='bbox 1075 1280 1242 1357; x_wconf 90' lang='lat' dir='ltr'><strong>iudicium,</strong></span> 
     </span>
     <span class='ocr_line' id='line_1_9' title="bbox 150 1393 1244 1471; baseline 0.001 -17"><span class='ocrx_word' id='word_1_60' title='bbox 150 1413 210 1456; x_wconf 91' lang='lat' dir='ltr'><strong>non</strong></span> <span class='ocrx_word' id='word_1_61' title='bbox 242 1395 337 1459; x_wconf 87' lang='lat' dir='ltr'><strong>simul</strong></span> <span class='ocrx_word' id='word_1_62' title='bbox 369 1395 407 1459; x_wconf 95' lang='lat' dir='ltr'><strong>ad</strong></span> <span class='ocrx_word' id='word_1_63' title='bbox 439 1395 554 1459; x_wconf 78' lang='lat' dir='ltr'><strong>tribum</strong></span> <span class='ocrx_word' id='word_1_64' title='bbox 586 1417 651 1460; x_wconf 88' lang='lat' dir='ltr'><strong>rem</strong></span> <span class='ocrx_word' id='word_1_65' title='bbox 682 1393 841 1458; x_wconf 84' lang='lat' dir='ltr'><strong>delaturus</strong></span> <span class='ocrx_word' id='word_1_66' title='bbox 874 1401 972 1471; x_wconf 86' lang='lat' dir='ltr'><strong>esset,</strong></span> <span class='ocrx_word' id='word_1_67' title='bbox 1005 1401 1108 1456; x_wconf 87' lang='lat' dir='ltr'><strong>tamen</strong></span> <span class='ocrx_word' id='word_1_68' title='bbox 1131 1413 1244 1456; x_wconf 86' lang='lat' dir='ltr'><strong>nomen</strong></span> 
     </span>
     <span class='ocr_line' id='line_1_10' title="bbox 151 1501 1246 1588; baseline -0.002 -22"><span class='ocrx_word' id='word_1_69' title='bbox 151 1501 230 1568; x_wconf 87' lang='lat' dir='ltr'><strong>demi</strong></span> <span class='ocrx_word' id='word_1_70' title='bbox 255 1507 347 1569; x_wconf 89' lang='lat' dir='ltr'><strong>sciret</strong></span> <span class='ocrx_word' id='word_1_71' title='bbox 370 1527 493 1570; x_wconf 87' lang='lat' dir='ltr'><strong>neccsse</strong></span> <span class='ocrx_word' id='word_1_72' title='bbox 518 1513 602 1583; x_wconf 88' lang='lat' dir='ltr'><strong>crat;</strong></span> <span class='ocrx_word' id='word_1_73' title='bbox 625 1505 724 1570; x_wconf 90' lang='lat' dir='ltr'><strong>nihilo</strong></span> <span class='ocrx_word' id='word_1_74' title='bbox 749 1506 851 1570; x_wconf 89' lang='lat' dir='ltr'><strong>minus</strong></span> <span class='ocrx_word' id='word_1_75' title='bbox 876 1504 967 1582; x_wconf 91' lang='lat' dir='ltr'><strong>dicit,</strong></span> <span class='ocrx_word' id='word_1_76' title='bbox 993 1501 1131 1588; x_wconf 87' lang='lat' dir='ltr'><strong>acquod</strong></span> <span class='ocrx_word' id='word_1_77' title='bbox 1156 1507 1246 1567; x_wconf 84' lang='lat' dir='ltr'><strong>etium</strong></span> 
     </span>
     <span class='ocr_line' id='line_1_11' title="bbox 150 1611 1247 1700; baseline 0.002 -28"><span class='ocrx_word' id='word_1_78' title='bbox 150 1612 280 1678; x_wconf 73' lang='lat' dir='ltr'><strong>tribules</strong></span> <span class='ocrx_word' id='word_1_79' title='bbox 306 1617 366 1699; x_wconf 79' lang='grc' dir='ltr'><em>(κοιί</em></span> <span class='ocrx_word' id='word_1_80' title='bbox 390 1616 458 1697; x_wconf 79' lang='grc' dir='ltr'><em>πρὸς</em></span> <span class='ocrx_word' id='word_1_81' title='bbox 482 1617 534 1691; x_wconf 75' lang='grc' dir='ltr'><em>την</em></span> <span class='ocrx_word' id='word_1_82' title='bbox 556 1617 667 1700; x_wconf 74' lang='grc' dir='ltr'><em>φυλήν)</em></span> <span class='ocrx_word' id='word_1_83' title='bbox 692 1616 833 1680; x_wconf 78' lang='lat' dir='ltr'><strong>aditurus</strong></span> <span class='ocrx_word' id='word_1_84' title='bbox 857 1624 955 1692; x_wconf 92' lang='lat' dir='ltr'><strong>esset,</strong></span> <span class='ocrx_word' id='word_1_85' title='bbox 981 1614 1103 1680; x_wconf 87' lang='lat' dir='ltr'><strong>demum</strong></span> <span class='ocrx_word' id='word_1_86' title='bbox 1129 1611 1247 1696; x_wconf 84' lang='lat' dir='ltr'><strong>quaeri·</strong></span> 
     </span>
     <span class='ocr_line' id='line_1_12' title="bbox 154 1721 1246 1809; baseline 0.001 -24"><span class='ocrx_word' id='word_1_87' title='bbox 154 1722 241 1787; x_wconf 82' lang='lat' dir='ltr'><strong>visse.</strong></span> <span class='ocrx_word' id='word_1_88' title='bbox 289 1724 401 1809; x_wconf 80' lang='lat' dir='ltr'><strong>Neque</strong></span> <span class='ocrx_word' id='word_1_89' title='bbox 431 1733 534 1790; x_wconf 86' lang='lat' dir='ltr'><strong>taruco</strong></span> <span class='ocrx_word' id='word_1_90' title='bbox 564 1726 640 1789; x_wconf 86' lang='lat' dir='ltr'><strong>haec</strong></span> <span class='ocrx_word' id='word_1_91' title='bbox 663 1725 718 1808; x_wconf 90' lang='lat' dir='ltr'><strong>(sio</strong></span> <span class='ocrx_word' id='word_1_92' title='bbox 742 1725 856 1809; x_wconf 90' lang='lat' dir='ltr'><strong>scripta</strong></span> <span class='ocrx_word' id='word_1_93' title='bbox 878 1724 1070 1802; x_wconf 74' lang='grc' dir='ltr'><em>δημοτεύοιτο.</em></span> <span class='ocrx_word' id='word_1_94' title='bbox 1117 1734 1191 1800; x_wconf 87' lang='grc' dir='ltr'><em>Ποορ.</em></span> <span class='ocrx_word' id='word_1_95' title='bbox 1216 1721 1246 1786; x_wconf 80' lang='grc' dir='ltr'><strong>δέ</strong></span> 
     </span>
     <span class='ocr_line' id='line_1_13' title="bbox 155 1832 1246 1918; baseline 0.001 -22"><span class='ocrx_word' id='word_1_96' title='bbox 155 1856 228 1905; x_wconf 82' lang='grc' dir='ltr'><em>τινος</em></span> <span class='ocrx_word' id='word_1_97' title='bbox 251 1873 296 1883; x_wconf 94' lang='grc'><strong>-</strong></span> <span class='ocrx_word' id='word_1_98' title='bbox 319 1842 386 1898; x_wconf 90' lang='lat' dir='ltr'><strong>tum</strong></span> <span class='ocrx_word' id='word_1_99' title='bbox 410 1836 507 1910; x_wconf 77' lang='grc' dir='ltr'><em>ἐπειδη</em></span> <span class='ocrx_word' id='word_1_100' title='bbox 529 1837 631 1916; x_wconf 77' lang='grc' dir='ltr'><em>όπεκρ.</em></span> <span class='ocrx_word' id='word_1_101' title='bbox 655 1835 770 1898; x_wconf 85' lang='lat' dir='ltr'><strong>omisso</strong></span> <span class='ocrx_word' id='word_1_102' title='bbox 792 1834 833 1918; x_wconf 80' lang='grc' dir='ltr'><strong>δέ)</strong></span> <span class='ocrx_word' id='word_1_103' title='bbox 857 1855 929 1898; x_wconf 92' lang='lat' dir='ltr'><strong>cum</strong></span> <span class='ocrx_word' id='word_1_104' title='bbox 953 1832 1153 1917; x_wconf 86' lang='lat' dir='ltr'><strong>sequentibus</strong></span> <span class='ocrx_word' id='word_1_105' title='bbox 1175 1840 1246 1918; x_wconf 86' lang='lat' dir='ltr'><strong>apte</strong></span> 
     </span>
     <span class='ocr_line' id='line_1_14' title="bbox 156 1943 1247 2027; baseline 0.002 -23"><span class='ocrx_word' id='word_1_106' title='bbox 156 1943 382 2022; x_wconf 88' lang='lat' dir='ltr'><strong>cohaerebunt,</strong></span> <span class='ocrx_word' id='word_1_107' title='bbox 414 1952 450 2008; x_wconf 91' lang='lat' dir='ltr'><strong>ut</strong></span> <span class='ocrx_word' id='word_1_108' title='bbox 481 1944 595 2021; x_wconf 75' lang='lat' dir='ltr'><strong>cuiviS,</strong></span> <span class='ocrx_word' id='word_1_109' title='bbox 629 1944 720 2008; x_wconf 90' lang='lat' dir='ltr'><strong>etiam</strong></span> <span class='ocrx_word' id='word_1_110' title='bbox 753 1943 883 2008; x_wconf 87' lang='lat' dir='ltr'><strong>strictim</strong></span> <span class='ocrx_word' id='word_1_111' title='bbox 906 1943 1132 2020; x_wconf 79' lang='lat' dir='ltr'><strong>consideranti,</strong></span> <span class='ocrx_word' id='word_1_112' title='bbox 1158 1964 1247 2027; x_wconf 88' lang='lat' dir='ltr'><strong>appa·</strong></span> 
     </span>
     <span class='ocr_line' id='line_1_15' title="bbox 157 2053 614 2118; baseline 0.007 -5"><span class='ocrx_word' id='word_1_113' title='bbox 157 2053 245 2118; x_wconf 85' lang='lat' dir='ltr'><strong>rabit.</strong></span> <span class='ocrx_word' id='word_1_114' title='bbox 291 2053 371 2118; x_wconf 81' lang='lat' dir='ltr'><strong>Sunt</strong></span> <span class='ocrx_word' id='word_1_115' title='bbox 395 2061 498 2118; x_wconf 86' lang='lat' dir='ltr'><strong>autem</strong></span> <span class='ocrx_word' id='word_1_116' title='bbox 521 2054 614 2118; x_wconf 84' lang='lat' dir='ltr'><strong>hacc:</strong></span> 
     </span>
    </p>

    <p class='ocr_par' dir='ltr' id='par_1_3' title="bbox 156 2162 1262 4447">
     <span class='ocr_line' id='line_1_16' title="bbox 200 2162 1248 2244; baseline 0 -17"><span class='ocrx_word' id='word_1_117' title='bbox 200 2163 297 2238; x_wconf 72' lang='grc' dir='ltr'><em>ἐπειδὴ</em></span> <span class='ocrx_word' id='word_1_118' title='bbox 329 2165 353 2226; x_wconf 87' lang='grc' dir='ltr'><strong>δ’</strong></span> <span class='ocrx_word' id='word_1_119' title='bbox 376 2165 548 2244; x_wconf 77' lang='grc' dir='ltr'><em>θπεκρίνωτο</em></span> <span class='ocrx_word' id='word_1_120' title='bbox 573 2162 615 2229; x_wconf 84' lang='grc' dir='ltr'><strong>ότι</strong></span> <span class='ocrx_word' id='word_1_121' title='bbox 639 2164 840 2240; x_wconf 88' lang='grc' dir='ltr'><em>Δεκελειόθεν,</em></span> <span class='ocrx_word' id='word_1_122' title='bbox 866 2165 1135 2240; x_wconf 85' lang='grc' dir='ltr'><em>προςκοιλεοοίμενος</em></span> <span class='ocrx_word' id='word_1_123' title='bbox 1160 2164 1248 2228; x_wconf 76' lang='grc' dir='ltr'><em>οιιίτίν</em></span> 
     </span>
     <span class='ocr_line' id='line_1_17' title="bbox 156 2271 1249 2355; baseline 0.003 -22"><span class='ocrx_word' id='word_1_124' title='bbox 156 2271 205 2335; x_wconf 77' lang='lat' dir='ltr'><strong>nul</strong></span> <span class='ocrx_word' id='word_1_125' title='bbox 229 2274 297 2354; x_wconf 81' lang='grc' dir='ltr'><em>πρὸς</em></span> <span class='ocrx_word' id='word_1_126' title='bbox 320 2274 387 2345; x_wconf 80' lang='grc' dir='ltr'><em>τοὺς</em></span> <span class='ocrx_word' id='word_1_127' title='bbox 410 2284 447 2355; x_wconf 71' lang='grc' dir='ltr'><em>τῇ</em></span> <span class='ocrx_word' id='word_1_128' title='bbox 472 2273 663 2338; x_wconf 66' lang='grc' dir='ltr'><em>Ἱπποθωντίδι</em></span> <span class='ocrx_word' id='word_1_129' title='bbox 687 2272 874 2354; x_wconf 78' lang='grc' dir='ltr'><em>δικοίζοντιις,</em></span> <span class='ocrx_word' id='word_1_130' title='bbox 900 2274 985 2338; x_wconf 78' lang='grc' dir='ltr'><em>ἐλθὼν</em></span> <span class='ocrx_word' id='word_1_131' title='bbox 1009 2272 1057 2338; x_wconf 80' lang='grc' dir='ltr'><strong>ἐπί</strong></span> <span class='ocrx_word' id='word_1_132' title='bbox 1078 2276 1111 2338; x_wconf 80' lang='grc' dir='ltr'><em>τό</em></span> <span class='ocrx_word' id='word_1_133' title='bbox 1130 2280 1249 2352; x_wconf 76' lang='grc' dir='ltr'><em>κουρεῖον</em></span> 
     </span>
     <span class='ocr_line' id='line_1_18' title="bbox 156 2381 1250 2465; baseline 0.003 -21"><span class='ocrx_word' id='word_1_134' title='bbox 156 2382 189 2445; x_wconf 79' lang='grc' dir='ltr'><em>τὸ</em></span> <span class='ocrx_word' id='word_1_135' title='bbox 214 2385 294 2465; x_wconf 82' lang='grc' dir='ltr'><em>τοιρθι</em></span> <span class='ocrx_word' id='word_1_136' title='bbox 317 2384 382 2456; x_wconf 83' lang='grc' dir='ltr'><em>τοὺς</em></span> <span class='ocrx_word' id='word_1_137' title='bbox 407 2385 535 2465; x_wconf 69' lang='grc' dir='ltr'><em>Ἑρμῖνε,</em></span> <span class='ocrx_word' id='word_1_138' title='bbox 557 2382 590 2447; x_wconf 77' lang='grc' dir='ltr'><strong>ἵν’</strong></span> <span class='ocrx_word' id='word_1_139' title='bbox 609 2385 633 2448; x_wconf 83' lang='grc' dir='ltr'><em>οἱ</em></span> <span class='ocrx_word' id='word_1_140' title='bbox 654 2390 791 2453; x_wconf 79' lang='grc' dir='ltr'><em>Δεκελεῖς</em></span> <span class='ocrx_word' id='word_1_141' title='bbox 814 2389 1033 2465; x_wconf 74' lang='grc' dir='ltr'><em>προςφοιτῶοιν,</em></span> <span class='ocrx_word' id='word_1_142' title='bbox 1055 2385 1181 2464; x_wconf 76' lang='grc' dir='ltr'><em>ηριθτων,</em></span> <span class='ocrx_word' id='word_1_143' title='bbox 1203 2381 1250 2456; x_wconf 79' lang='grc' dir='ltr'><em>οὕς</em></span> 
     </span>
     <span class='ocr_line' id='line_1_19' title="bbox 156 2491 1251 2574; baseline 0 -17"><span class='ocrx_word' id='word_1_144' title='bbox 156 2491 184 2552; x_wconf 80' lang='grc' dir='ltr'><em>τ’</em></span> <span class='ocrx_word' id='word_1_145' title='bbox 209 2491 395 2574; x_wconf 77' lang='grc' dir='ltr'><em>ἐξευρίσκοιμι</em></span> <span class='ocrx_word' id='word_1_146' title='bbox 420 2494 569 2558; x_wconf 77' lang='grc' dir='ltr'><em>Δεκελέων</em></span> <span class='ocrx_word' id='word_1_147' title='bbox 592 2493 790 2569; x_wconf 73' lang='grc' dir='ltr'><em>ἐπυνθανόμην</em></span> <span class='ocrx_word' id='word_1_148' title='bbox 813 2491 840 2556; x_wconf 88' lang='grc' dir='ltr'><strong>εί</strong></span> <span class='ocrx_word' id='word_1_149' title='bbox 860 2515 927 2556; x_wconf 87' lang='grc' dir='ltr'><em>τινω</em></span> <span class='ocrx_word' id='word_1_150' title='bbox 950 2492 1135 2569; x_wconf 72' lang='grc' dir='ltr'><em>γιγνώσκοιεν</em></span> <span class='ocrx_word' id='word_1_151' title='bbox 1160 2505 1251 2558; x_wconf 88' lang='grc' dir='ltr'><em>Δεκε-</em></span> 
     </span>
     <span class='ocr_line' id='line_1_20' title="bbox 159 2602 1251 2687; baseline 0.002 -23"><span class='ocrx_word' id='word_1_152' title='bbox 159 2603 262 2667; x_wconf 81' lang='grc' dir='ltr'><em>λειόθεν</em></span> <span class='ocrx_word' id='word_1_153' title='bbox 283 2604 506 2680; x_wconf 70' lang='grc' dir='ltr'><em>δημοτευόμενον</em></span> <span class='ocrx_word' id='word_1_154' title='bbox 531 2603 728 2680; x_wconf 75' lang='grc' dir='ltr'><em>Ποονκλθωνω.</em></span> <span class='ocrx_word' id='word_1_155' title='bbox 776 2602 815 2666; x_wconf 90' lang='lat' dir='ltr'><strong>Iu</strong></span> <span class='ocrx_word' id='word_1_156' title='bbox 839 2625 903 2687; x_wconf 88' lang='lat' dir='ltr'><strong>qua</strong></span> <span class='ocrx_word' id='word_1_157' title='bbox 920 2604 1072 2667; x_wconf 90' lang='lat' dir='ltr'><strong>sententia</strong></span> <span class='ocrx_word' id='word_1_158' title='bbox 1088 2604 1251 2687; x_wconf 86' lang='lat' dir='ltr'><strong>repetitum</strong></span> 
     </span>
     <span class='ocr_line' id='line_1_21' title="bbox 161 2709 1251 2797; baseline 0.005 -25"><span class='ocrx_word' id='word_1_159' title='bbox 161 2709 221 2774; x_wconf 87' lang='lat' dir='ltr'><strong>fere</strong></span> <span class='ocrx_word' id='word_1_160' title='bbox 247 2712 331 2776; x_wconf 89' lang='lat' dir='ltr'><strong>vides</strong></span> <span class='ocrx_word' id='word_1_161' title='bbox 359 2711 436 2776; x_wconf 91' lang='lat' dir='ltr'><strong>illud</strong></span> <span class='ocrx_word' id='word_1_162' title='bbox 474 2712 512 2776; x_wconf 91' lang='lat' dir='ltr'><strong>de</strong></span> <span class='ocrx_word' id='word_1_163' title='bbox 536 2711 719 2790; x_wconf 86' lang='lat' dir='ltr'><strong>tribulibus,</strong></span> <span class='ocrx_word' id='word_1_164' title='bbox 748 2734 881 2797; x_wconf 87' lang='lat' dir='ltr'><strong>quorum</strong></span> <span class='ocrx_word' id='word_1_165' title='bbox 908 2713 1058 2780; x_wconf 89' lang='lat' dir='ltr'><strong>iudicium</strong></span> <span class='ocrx_word' id='word_1_166' title='bbox 1086 2715 1137 2777; x_wconf 85' lang='lat' dir='ltr'><strong>vix</strong></span> <span class='ocrx_word' id='word_1_167' title='bbox 1165 2713 1251 2778; x_wconf 93' lang='lat' dir='ltr'><strong>alind</strong></span> 
     </span>
     <span class='ocr_line' id='line_1_22' title="bbox 164 2822 1252 2906; baseline 0.005 -23"><span class='ocrx_word' id='word_1_168' title='bbox 164 2843 227 2884; x_wconf 88' lang='lat' dir='ltr'><strong>csse</strong></span> <span class='ocrx_word' id='word_1_169' title='bbox 256 2822 359 2906; x_wconf 91' lang='lat' dir='ltr'><strong>potuit</strong></span> <span class='ocrx_word' id='word_1_170' title='bbox 391 2844 483 2905; x_wconf 86' lang='lat' dir='ltr'><strong>quam</strong></span> <span class='ocrx_word' id='word_1_171' title='bbox 515 2822 735 2900; x_wconf 82' lang='lat' dir='ltr'><strong>diactetarum3</strong></span> <span class='ocrx_word' id='word_1_172' title='bbox 759 2824 903 2889; x_wconf 90' lang='lat' dir='ltr'><strong>tributim</strong></span> <span class='ocrx_word' id='word_1_173' title='bbox 926 2826 1009 2888; x_wconf 85' lang='lat' dir='ltr'><strong>euim</strong></span> <span class='ocrx_word' id='word_1_174' title='bbox 1032 2826 1064 2889; x_wconf 91' lang='lat' dir='ltr'><strong>in</strong></span> <span class='ocrx_word' id='word_1_175' title='bbox 1088 2824 1176 2888; x_wconf 92' lang='lat' dir='ltr'><strong>nullo</strong></span> <span class='ocrx_word' id='word_1_176' title='bbox 1200 2827 1252 2889; x_wconf 88' lang='lat' dir='ltr'><strong>tri-</strong></span> 
     </span>
     <span class='ocr_line' id='line_1_23' title="bbox 163 2932 1254 3018; baseline 0.001 -21"><span class='ocrx_word' id='word_1_177' title='bbox 163 2932 267 2997; x_wconf 89' lang='lat' dir='ltr'><strong>bunali</strong></span> <span class='ocrx_word' id='word_1_178' title='bbox 291 2956 382 3018; x_wconf 89' lang='lat' dir='ltr'><strong>quam</strong></span> <span class='ocrx_word' id='word_1_179' title='bbox 408 2933 590 2998; x_wconf 84' lang='lat' dir='ltr'><strong>arbitrorum</strong></span> <span class='ocrx_word' id='word_1_180' title='bbox 616 2935 665 2997; x_wconf 90' lang='lat' dir='ltr'><strong>ius</strong></span> <span class='ocrx_word' id='word_1_181' title='bbox 695 2934 812 2999; x_wconf 89' lang='lat' dir='ltr'><strong>dictum</strong></span> <span class='ocrx_word' id='word_1_182' title='bbox 841 2957 905 2998; x_wconf 91' lang='lat' dir='ltr'><strong>esse</strong></span> <span class='ocrx_word' id='word_1_183' title='bbox 926 2936 1077 2999; x_wconf 89' lang='lat' dir='ltr'><strong>novimus.</strong></span> <span class='ocrx_word' id='word_1_184' title='bbox 1113 2933 1161 2998; x_wconf 83' lang='lat' dir='ltr'><strong>Of.</strong></span> <span class='ocrx_word' id='word_1_185' title='bbox 1178 2934 1254 2998; x_wconf 88' lang='lat' dir='ltr'><strong>Her·</strong></span> 
     </span>
     <span class='ocr_line' id='line_1_24' title="bbox 164 3043 1255 3129; baseline 0.002 -23"><span class='ocrx_word' id='word_1_186' title='bbox 164 3066 263 3108; x_wconf 87' lang='lat' dir='ltr'><strong>mann.</strong></span> <span class='ocrx_word' id='word_1_187' title='bbox 294 3044 424 3127; x_wconf 84' lang='lat' dir='ltr'><strong>Antiqu.</strong></span> <span class='ocrx_word' id='word_1_188' title='bbox 454 3046 471 3129; x_wconf 68' lang='lat' dir='ltr'><strong>t</strong></span> <span class='ocrx_word' id='word_1_189' title='bbox 501 3045 573 3107; x_wconf 77' lang='lat'>145.</span> <span class='ocrx_word' id='word_1_190' title='bbox 607 3046 658 3107; x_wconf 87' lang='grc'><strong>16.</strong></span> <span class='ocrx_word' id='word_1_191' title='bbox 696 3044 856 3109; x_wconf 84' lang='lat' dir='ltr'><strong>Arbitrum</strong></span> <span class='ocrx_word' id='word_1_192' title='bbox 881 3045 977 3128; x_wconf 83' lang='lat' dir='ltr'><strong>igitur</strong></span> <span class='ocrx_word' id='word_1_193' title='bbox 1001 3043 1166 3108; x_wconf 78' lang='lat' dir='ltr'><strong>educturus</strong></span> <span class='ocrx_word' id='word_1_194' title='bbox 1191 3053 1255 3108; x_wconf 89' lang='lat' dir='ltr'><strong>crat</strong></span> 
     </span>
     <span class='ocr_line' id='line_1_25' title="bbox 165 3153 1255 3238; baseline 0 -21"><span class='ocrx_word' id='word_1_195' title='bbox 165 3153 201 3217; x_wconf 91' lang='lat' dir='ltr'><strong>de</strong></span> <span class='ocrx_word' id='word_1_196' title='bbox 233 3154 337 3218; x_wconf 90' lang='lat' dir='ltr'><strong>eadem</strong></span> <span class='ocrx_word' id='word_1_197' title='bbox 369 3153 424 3217; x_wconf 92' lang='lat' dir='ltr'><strong>illa</strong></span> <span class='ocrx_word' id='word_1_198' title='bbox 454 3177 561 3233; x_wconf 89' lang='lat' dir='ltr'><strong>causa,</strong></span> <span class='ocrx_word' id='word_1_199' title='bbox 588 3177 680 3238; x_wconf 90' lang='lat' dir='ltr'><strong>quam</strong></span> <span class='ocrx_word' id='word_1_200' title='bbox 703 3163 791 3219; x_wconf 88' lang='lat' dir='ltr'><strong>antea</strong></span> <span class='ocrx_word' id='word_1_201' title='bbox 815 3155 854 3218; x_wconf 95' lang='lat' dir='ltr'><strong>ad</strong></span> <span class='ocrx_word' id='word_1_202' title='bbox 877 3155 1111 3219; x_wconf 87' lang='lat' dir='ltr'><strong>Polemarohum</strong></span> <span class='ocrx_word' id='word_1_203' title='bbox 1137 3153 1255 3218; x_wconf 87' lang='lat' dir='ltr'><strong>deferre</strong></span> 
     </span>
     <span class='ocr_line' id='line_1_26' title="bbox 166 3263 1255 3349; baseline -0.002 -21"><span class='ocrx_word' id='word_1_204' title='bbox 166 3267 374 3329; x_wconf 85' lang='lat' dir='ltr'><strong>constituerat.</strong></span> <span class='ocrx_word' id='word_1_205' title='bbox 422 3263 502 3327; x_wconf 89' lang='lat' dir='ltr'><strong>Nam</strong></span> <span class='ocrx_word' id='word_1_206' title='bbox 526 3272 563 3327; x_wconf 90' lang='lat' dir='ltr'><strong>ut</strong></span> <span class='ocrx_word' id='word_1_207' title='bbox 586 3264 721 3349; x_wconf 91' lang='lat' dir='ltr'><strong>primum</strong></span> <span class='ocrx_word' id='word_1_208' title='bbox 742 3273 848 3348; x_wconf 88' lang='lat' dir='ltr'><strong>postea</strong></span> <span class='ocrx_word' id='word_1_209' title='bbox 867 3266 1025 3349; x_wconf 85' lang='lat' dir='ltr'><strong>cognoscit</strong></span> <span class='ocrx_word' id='word_1_210' title='bbox 1042 3264 1117 3327; x_wconf 88' lang='lat' dir='ltr'><strong>alios</strong></span> <span class='ocrx_word' id='word_1_211' title='bbox 1133 3285 1255 3349; x_wconf 90' lang='lat' dir='ltr'><strong>quoque</strong></span> 
     </span>
     <span class='ocr_line' id='line_1_27' title="bbox 165 3372 1256 3451; baseline -0.002 -13"><span class='ocrx_word' id='word_1_212' title='bbox 165 3397 226 3438; x_wconf 87' lang='lat' dir='ltr'><strong>rem</strong></span> <span class='ocrx_word' id='word_1_213' title='bbox 259 3396 330 3438; x_wconf 90' lang='lat' dir='ltr'><strong>oum</strong></span> <span class='ocrx_word' id='word_1_214' title='bbox 363 3373 536 3438; x_wconf 87' lang='lat' dir='ltr'><strong>Pancleone</strong></span> <span class='ocrx_word' id='word_1_215' title='bbox 571 3372 718 3438; x_wconf 82' lang='lat' dir='ltr'><strong>habuisse</strong></span> <span class='ocrx_word' id='word_1_216' title='bbox 751 3375 783 3437; x_wconf 91' lang='lat' dir='ltr'><strong>iu</strong></span> <span class='ocrx_word' id='word_1_217' title='bbox 808 3374 874 3438; x_wconf 85' lang='lat' dir='ltr'><strong>foro</strong></span> <span class='ocrx_word' id='word_1_218' title='bbox 898 3374 1108 3451; x_wconf 87' lang='lat' dir='ltr'><strong>Polemarohi,</strong></span> <span class='ocrx_word' id='word_1_219' title='bbox 1140 3373 1256 3437; x_wconf 90' lang='lat' dir='ltr'><strong>omittit</strong></span> 
     </span>
     <span class='ocr_line' id='line_1_28' title="bbox 166 3483 1258 3570; baseline -0.002 -22"><span class='ocrx_word' id='word_1_220' title='bbox 166 3485 326 3550; x_wconf 89' lang='lat' dir='ltr'><strong>consilium</strong></span> <span class='ocrx_word' id='word_1_221' title='bbox 351 3483 535 3547; x_wconf 88' lang='lat' dir='ltr'><strong>instituendi</strong></span> <span class='ocrx_word' id='word_1_222' title='bbox 556 3484 708 3548; x_wconf 82' lang='lat' dir='ltr'><strong>actionem</strong></span> <span class='ocrx_word' id='word_1_223' title='bbox 728 3484 811 3568; x_wconf 88' lang='lat' dir='ltr'><strong>apud</strong></span> <span class='ocrx_word' id='word_1_224' title='bbox 832 3484 960 3550; x_wconf 84' lang='lat' dir='ltr'><strong>tribules</strong></span> <span class='ocrx_word' id='word_1_225' title='bbox 982 3487 1008 3569; x_wconf 66' lang='lat' dir='ltr'><strong>(t</strong></span> <span class='ocrx_word' id='word_1_226' title='bbox 1046 3489 1066 3570; x_wconf 93' lang='lat'><strong>).</strong></span> <span class='ocrx_word' id='word_1_227' title='bbox 1107 3483 1148 3547; x_wconf 78' lang='lat' dir='ltr'><strong>ut</strong></span> <span class='ocrx_word' id='word_1_228' title='bbox 1168 3506 1258 3568; x_wconf 87' lang='lat' dir='ltr'><strong>quae·</strong></span> 
     </span>
     <span class='ocr_line' id='line_1_29' title="bbox 166 3594 1256 3678; baseline 0.003 -22"><span class='ocrx_word' id='word_1_229' title='bbox 166 3597 294 3660; x_wconf 85' lang='lat' dir='ltr'><strong>ationem</strong></span> <span class='ocrx_word' id='word_1_230' title='bbox 326 3594 364 3659; x_wconf 88' lang='lat' dir='ltr'><strong>dc</strong></span> <span class='ocrx_word' id='word_1_231' title='bbox 396 3595 577 3659; x_wconf 87' lang='lat' dir='ltr'><strong>Panclconis</strong></span> <span class='ocrx_word' id='word_1_232' title='bbox 610 3596 750 3669; x_wconf 88' lang='lat' dir='ltr'><strong>civitate,</strong></span> <span class='ocrx_word' id='word_1_233' title='bbox 784 3596 846 3660; x_wconf 86' lang='lat' dir='ltr'><strong>sive</strong></span> <span class='ocrx_word' id='word_1_234' title='bbox 869 3598 990 3678; x_wconf 75' lang='grc' dir='ltr'><em>ηρονφην</em></span> <span class='ocrx_word' id='word_1_235' title='bbox 1013 3595 1108 3672; x_wconf 81' lang='grc' dir='ltr'><em>ξενίοις</em></span> <span class='ocrx_word' id='word_1_236' title='bbox 1131 3617 1194 3659; x_wconf 90' lang='lat' dir='ltr'><strong>nou</strong></span> <span class='ocrx_word' id='word_1_237' title='bbox 1218 3596 1256 3660; x_wconf 88' lang='lat' dir='ltr'><strong>ad</strong></span> 
     </span>
     <span class='ocr_line' id='line_1_30' title="bbox 165 3703 1257 3790; baseline 0 -22"><span class='ocrx_word' id='word_1_238' title='bbox 165 3705 292 3770; x_wconf 87' lang='lat' dir='ltr'><strong>tribules</strong></span> <span class='ocrx_word' id='word_1_239' title='bbox 324 3704 440 3769; x_wconf 86' lang='lat' dir='ltr'><strong>deferre</strong></span> <span class='ocrx_word' id='word_1_240' title='bbox 472 3707 593 3790; x_wconf 76' lang='lat' dir='ltr'><strong>potuit,</strong></span> <span class='ocrx_word' id='word_1_241' title='bbox 625 3703 679 3767; x_wconf 87' lang='lat' dir='ltr'><strong>illa</strong></span> <span class='ocrx_word' id='word_1_242' title='bbox 707 3704 787 3768; x_wconf 89' lang='lat' dir='ltr'><strong>enim</strong></span> <span class='ocrx_word' id='word_1_243' title='bbox 813 3704 987 3789; x_wconf 85' lang='lat' dir='ltr'><strong>pertinebat</strong></span> <span class='ocrx_word' id='word_1_244' title='bbox 1011 3704 1049 3768; x_wconf 88' lang='lat' dir='ltr'><strong>ad</strong></span> <span class='ocrx_word' id='word_1_245' title='bbox 1073 3705 1257 3769; x_wconf 89' lang='lat' dir='ltr'><strong>iurisdictio-</strong></span> 
     </span>
     <span class='ocr_line' id='line_1_31' title="bbox 165 3813 1257 3901; baseline 0.001 -23"><span class='ocrx_word' id='word_1_246' title='bbox 165 3839 234 3880; x_wconf 86' lang='lat' dir='ltr'><strong>nem</strong></span> <span class='ocrx_word' id='word_1_247' title='bbox 257 3815 545 3879; x_wconf 80' lang='lat' dir='ltr'><strong>thesmotlretarum.</strong></span> <span class='ocrx_word' id='word_1_248' title='bbox 582 3813 628 3878; x_wconf 84' lang='lat' dir='ltr'><strong>Of.</strong></span> <span class='ocrx_word' id='word_1_249' title='bbox 650 3814 757 3878; x_wconf 86' lang='lat' dir='ltr'><strong>Meier.</strong></span> <span class='ocrx_word' id='word_1_250' title='bbox 781 3814 817 3878; x_wconf 91' lang='lat' dir='ltr'><strong>de</strong></span> <span class='ocrx_word' id='word_1_251' title='bbox 838 3815 927 3880; x_wconf 90' lang='lat' dir='ltr'><strong>bonis</strong></span> <span class='ocrx_word' id='word_1_252' title='bbox 947 3816 1049 3880; x_wconf 88' lang='lat' dir='ltr'><strong>damn.</strong></span> <span class='ocrx_word' id='word_1_253' title='bbox 1071 3839 1100 3901; x_wconf 90' lang='lat' dir='ltr'><strong>p.</strong></span> <span class='ocrx_word' id='word_1_254' title='bbox 1120 3821 1172 3894; x_wconf 79' lang='lat'><strong>94,</strong></span> <span class='ocrx_word' id='word_1_255' title='bbox 1191 3838 1257 3900; x_wconf 92' lang='lat' dir='ltr'><strong>sqq.</strong></span> 
     </span>
     <span class='ocr_line' id='line_1_32' title="bbox 166 3925 1259 4012; baseline 0.002 -24"><span class='ocrx_word' id='word_1_256' title='bbox 166 3927 230 3989; x_wconf 87' lang='lat' dir='ltr'><strong>Att.</strong></span> <span class='ocrx_word' id='word_1_257' title='bbox 262 3925 350 3990; x_wconf 87' lang='lat' dir='ltr'><strong>Proo.</strong></span> <span class='ocrx_word' id='word_1_258' title='bbox 383 3949 412 4010; x_wconf 91' lang='lat' dir='ltr'><strong>p.</strong></span> <span class='ocrx_word' id='word_1_259' title='bbox 446 3928 527 4002; x_wconf 74' lang='lat'><strong>348,</strong></span> <span class='ocrx_word' id='word_1_260' title='bbox 560 3946 626 4010; x_wconf 91' lang='lat' dir='ltr'><strong>sqq.</strong></span> <span class='ocrx_word' id='word_1_261' title='bbox 675 3925 745 3988; x_wconf 92' lang='lat' dir='ltr'><strong>Duo</strong></span> <span class='ocrx_word' id='word_1_262' title='bbox 779 3948 815 3990; x_wconf 82' lang='lat' dir='ltr'><strong>ex</strong></span> <span class='ocrx_word' id='word_1_263' title='bbox 847 3925 895 3988; x_wconf 88' lang='lat' dir='ltr'><strong>his</strong></span> <span class='ocrx_word' id='word_1_264' title='bbox 927 3932 1093 4010; x_wconf 86' lang='lat' dir='ltr'><strong>apparent,</strong></span> <span class='ocrx_word' id='word_1_265' title='bbox 1127 3927 1259 4012; x_wconf 87' lang='lat' dir='ltr'><strong>primum</strong></span> 
     </span>
     <span class='ocr_line' id='line_1_33' title="bbox 166 4035 1262 4119; baseline 0.003 -21"><span class='ocrx_word' id='word_1_266' title='bbox 166 4035 435 4113; x_wconf 78' lang='grc' dir='ltr'><em>προςκοιλεσοθμενορ</em></span> <span class='ocrx_word' id='word_1_267' title='bbox 458 4057 522 4099; x_wconf 90' lang='lat' dir='ltr'><strong>uon</strong></span> <span class='ocrx_word' id='word_1_268' title='bbox 546 4057 612 4098; x_wconf 82' lang='lat' dir='ltr'><strong>esse</strong></span> <span class='ocrx_word' id='word_1_269' title='bbox 636 4041 759 4118; x_wconf 87' lang='lat' dir='ltr'><strong>aptum,</strong></span> <span class='ocrx_word' id='word_1_270' title='bbox 785 4035 838 4098; x_wconf 90' lang='lat' dir='ltr'><strong>scd</strong></span> <span class='ocrx_word' id='word_1_271' title='bbox 863 4035 977 4119; x_wconf 88' lang='lat' dir='ltr'><strong>requiri</strong></span> <span class='ocrx_word' id='word_1_272' title='bbox 1001 4036 1140 4100; x_wconf 84' lang='lat' dir='ltr'><strong>futurum</strong></span> <span class='ocrx_word' id='word_1_273' title='bbox 1165 4059 1262 4117; x_wconf 84' lang='grc' dir='ltr'><em>προς-</em></span> 
     </span>
     <span class='ocr_line' id='line_1_34' title="bbox 166 4143 1260 4228; baseline 0 -20"><span class='ocrx_word' id='word_1_274' title='bbox 166 4146 395 4221; x_wconf 79' lang='grc' dir='ltr'><em>κοιλούμενος</em></span> <span class='ocrx_word' id='word_1_275' title='bbox 427 4146 494 4228; x_wconf 86' lang='lat' dir='ltr'><strong>(pro</strong></span> <span class='ocrx_word' id='word_1_276' title='bbox 524 4164 585 4226; x_wconf 93' lang='lat' dir='ltr'><strong>quo</strong></span> <span class='ocrx_word' id='word_1_277' title='bbox 614 4143 732 4208; x_wconf 88' lang='lat' dir='ltr'><strong>librarii</strong></span> <span class='ocrx_word' id='word_1_278' title='bbox 756 4145 913 4228; x_wconf 79' lang='lat' dir='ltr'><strong>scripsisse</strong></span> <span class='ocrx_word' id='word_1_279' title='bbox 936 4146 1080 4210; x_wconf 88' lang='lat' dir='ltr'><strong>videntur</strong></span> <span class='ocrx_word' id='word_1_280' title='bbox 1103 4161 1260 4226; x_wconf 81' lang='grc' dir='ltr'><em>προςκωλε-</em></span> 
     </span>
     <span class='ocr_line' id='line_1_35' title="bbox 166 4251 1260 4339; baseline 0.003 -22"><span class='ocrx_word' id='word_1_281' title='bbox 166 4253 302 4331; x_wconf 77' lang='grc' dir='ltr'><em>ρόμενος,</em></span> <span class='ocrx_word' id='word_1_282' title='bbox 331 4251 414 4316; x_wconf 90' lang='lat' dir='ltr'><strong>nude</strong></span> <span class='ocrx_word' id='word_1_283' title='bbox 439 4251 616 4336; x_wconf 81' lang='lat' dir='ltr'><strong>depravatio</strong></span> <span class='ocrx_word' id='word_1_284' title='bbox 640 4257 739 4338; x_wconf 87' lang='lat' dir='ltr'><strong>nata);</strong></span> <span class='ocrx_word' id='word_1_285' title='bbox 766 4261 920 4338; x_wconf 82' lang='lat' dir='ltr'><strong>autequam</strong></span> <span class='ocrx_word' id='word_1_286' title='bbox 944 4256 1095 4319; x_wconf 88' lang='lat' dir='ltr'><strong>actionem</strong></span> <span class='ocrx_word' id='word_1_287' title='bbox 1112 4262 1260 4339; x_wconf 88' lang='lat' dir='ltr'><strong>tanquam</strong></span> 
     </span>
     <span class='ocr_line' id='line_1_36' title="bbox 166 4362 1259 4447; baseline 0.003 -20"><span class='ocrx_word' id='word_1_288' title='bbox 166 4365 199 4427; x_wconf 94' lang='lat' dir='ltr'><strong>in</strong></span> <span class='ocrx_word' id='word_1_289' title='bbox 231 4365 326 4427; x_wconf 87' lang='lat' dir='ltr'><strong>civem</strong></span> <span class='ocrx_word' id='word_1_290' title='bbox 359 4363 441 4447; x_wconf 86' lang='lat' dir='ltr'><strong>apud</strong></span> <span class='ocrx_word' id='word_1_291' title='bbox 474 4362 588 4427; x_wconf 89' lang='lat' dir='ltr'><strong>tribum</strong></span> <span class='ocrx_word' id='word_1_292' title='bbox 619 4365 813 4442; x_wconf 88' lang='lat' dir='ltr'><strong>institueret,</strong></span> <span class='ocrx_word' id='word_1_293' title='bbox 838 4373 921 4430; x_wconf 89' lang='lat' dir='ltr'><strong>certo</strong></span> <span class='ocrx_word' id='word_1_294' title='bbox 946 4367 1021 4430; x_wconf 88' lang='lat' dir='ltr'><strong>scire</strong></span> <span class='ocrx_word' id='word_1_295' title='bbox 1044 4366 1159 4443; x_wconf 87' lang='lat' dir='ltr'><strong>voluit,</strong></span> <span class='ocrx_word' id='word_1_296' title='bbox 1184 4389 1259 4431; x_wconf 92' lang='lat' dir='ltr'><strong>num</strong></span> 
     </span>
    </p>

    <p class='ocr_par' dir='ltr' id='par_1_4' title="bbox 994 4481 1140 4538">
     <span class='ocr_line' id='line_1_37' title="bbox 994 4481 1140 4538; baseline -0.007 0"><span class='ocrx_word' id='word_1_297' title='bbox 994 4511 1000 4519; x_wconf 95' lang='lat'>·</span> <span class='ocrx_word' id='word_1_298' title='bbox 1102 4481 1140 4538; x_wconf 94' lang='grc'><strong>11</strong></span> 
     </span>
    </p>
   </div>
   <div class='ocr_carea' id='block_1_3' title="bbox 0 0 1587 5210">
    <p class='ocr_par' dir='ltr' id='par_1_5' title="bbox 0 0 1587 5210">
     <span class='ocr_line' id='line_1_38' title="bbox 0 0 1587 5210; baseline 0 0"><span class='ocrx_word' id='word_1_299' title='bbox 0 0 1587 5210; x_wconf 95' lang='lat' dir='ltr'><strong> </strong></span> 
     </span>
    </p>
   </div>
  </div>
 </body>
</html>
