3126 5210
680 453 741 516 loe

171 650 340 720 Πλαταιεὺς
360 645 449 724 εἶναι,
469 674 497 715 κ.
509 673 538 714 τ.
551 651 575 714 ἐ.
593 656 682 734 putet
699 670 822 714 necesse
846 657 907 726 011,
932 650 963 712 in
988 649 1197 734 superioribus
1220 651 1258 716 de

167 757 231 840 ipsa
253 780 285 822 re
309 765 430 822 tantum
462 780 631 824 sermonem
661 781 743 836 ease,
775 781 858 824 nunc
882 759 1011 824 transire
1041 765 1191 826 oratorem
1219 759 1258 826 sd

166 863 345 932 Pancleonis
369 867 602 934 confessionem.
643 865 716 932 Non
740 867 832 932 aliam
857 868 931 934 haec
951 867 1187 952 explicationem
1208 869 1259 936 sd·

166 976 302 1042 mittunt.
350 979 395 1042 At
416 979 433 1061 1
458 980 498 1044 ra
522 979 583 1042 iam
607 977 725 1044 dictum
746 985 827 1044 erat:
850 977 892 1042 ὅτι
909 979 966 1044 οὐδ’
984 979 1074 1048 αὐτὸς
1094 983 1258 1058 Παγκλέων

166 1087 268 1168 νομίζει
291 1088 395 1153 ἑαυτὸν
418 1091 460 1166 μὴ
484 1086 526 1153 ὅτι
550 1089 710 1155 Πλαταιέα
733 1085 805 1154 εἶναι
827 1087 899 1154 ἀλλ’
921 1090 978 1156 oct'
999 1090 1151 1170 ἐλεύθερον.
1189 1089 1260 1154 Per·

166 1196 211 1280 git
233 1197 329 1281 igitur
350 1199 368 1281 1
394 1200 432 1260 18
463 1196 590 1263 eandem
621 1219 684 1264 rem
708 1197 935 1276 demonstrare,
960 1197 1014 1262 sed
1038 1197 1137 1264 verbis
1161 1200 1259 1264 utitur

166 1306 203 1369 ad
227 1306 288 1371 alia
311 1308 478 1372 transitum
501 1308 694 1393 parantibus.
742 1307 866 1372 Omissa
888 1315 955 1374 tota
979 1309 1114 1374 sectione
1142 1312 1180 1372 ra
1206 1317 1260 1377 aut

165 1425 285 1482 mutata
307 1419 347 1480 13
372 1417 405 1482 in
428 1418 512 1482 huno
536 1419 598 1483 fere
621 1418 748 1484 modum
849 1419 1040 1495 γιγνώσκειν·
1063 1416 1140 1496 ὅμως
1160 1420 1190 1484 δὲ
1209 1422 1258 1485 καὶ

167 1527 198 1604 ἐξ
219 1527 321 1594 ἄλλων
344 1525 381 1595 ὧν
403 1529 513 1608 ἔπραξε
535 1531 644 1598 ταύτὸν
664 1531 848 1608 μαθήσεσθε,
865 1529 939 1594 baec
955 1539 1035 1593 recte
1051 1551 1083 1594 se
1100 1527 1259 1594 haberent.

210 1641 227 1723 p
252 1641 304 1702 14.
351 1639 414 1704 ἐπεὶ
438 1639 463 1704 δ’
487 1641 660 1721 ὑπερήμερος
685 1639 818 1718 ἐγένετο,
843 1638 953 1714 ἐξέτισε
976 1641 1029 1714 την
1048 1639 1143 1720 δίκην,
1165 1639 1260 1704 καθθτι

168 1749 286 1813 ἔτειθεν.
334 1747 485 1813 Mulctam
525 1749 622 1834 igitur
652 1749 818 1834 pependit,
851 1749 943 1814 sicuti
974 1757 1160 1814 convenerat
1190 1769 1259 1812 cum

169 1857 356 1925 Aristodico.
397 1860 573 1943 Antequam
598 1880 670 1924 vero
694 1859 733 1924 ad
750 1860 1005 1944 compositionem
1022 1860 1123 1936 venit,
1140 1858 1261 1922 Thebas

169 1968 266 2053 fugit,
290 1967 399 2054 ibique
421 1967 595 2051 inquilinus
615 1969 677 2034 fuit
692 1968 848 2052 (μετῴκει).
885 1968 1033 2033 Ordinem
1051 1969 1145 2052 igitur
1160 1990 1261 2032 rerum

171 2081 333 2163 pervertit,
365 2079 440 2144 haec
472 2084 626 2165 postrema
656 2081 792 2144 sectione
818 2080 943 2144 demum
969 2081 1008 2142 15
1033 2101 1178 2156 narrans;
1208 2079 1261 2142 sed

171 2191 263 2258 huius
287 2189 500 2274 dispositionis
523 2211 615 2253 causa
638 2212 704 2254 esse
727 2190 831 2274 potnit
855 2191 947 2268 baec,
972 2189 1056 2276 quod
1080 2213 1117 2255 ex
1138 2213 1174 2255 ea
1189 2190 1262 2274 iuga

172 2308 203 2366 et
233 2301 305 2366 odio
335 2302 416 2365 inter
446 2298 641 2365 Plataeenses
667 2309 697 2364 et
720 2300 883 2366 Thebanos
907 2323 1023 2364 novum
1047 2309 1262 2384 argumentum

171 2412 250 2496 petit
280 2413 350 2494 (152
383 2409 475 2474 καίτοι
505 2433 533 2473 κ.
557 2433 585 2472 τ.
609 2411 645 2494 ἑ.)
678 2410 762 2494 quod
794 2412 837 2474 sio
862 2433 879 2472 a
903 2409 1059 2494 superiore
1083 2409 1196 2473 clarius
1219 2408 1263 2472 di-

172 2521 351 2607 stinguitur.

215 2633 232 2716 1
257 2634 307 2695 16.
354 2630 482 2716 Frigent
512 2638 667 2716 postrema
698 2631 807 2696 verba:
837 2633 888 2696 ἐὰν
914 2632 974 2710 γαρ
997 2630 1261 2708 διαμνημονεύητε,

170 2737 224 2806 οἶδ’
255 2740 298 2807 ὅτι
321 2739 362 2806 ταὶ
385 2764 419 2804 τε
449 2740 547 2804 δίκαια
574 2743 624 2805 καὶ
653 2741 766 2814 τάληθῆ
789 2742 963 2822 ψηφιεῖσθε,
987 2741 1036 2805 καὶ
1059 2738 1081 2806 ἃ
1104 2742 1162 2818 ἐγὼ
1185 2741 1263 2818 ὑμῶν

171 2850 279 2928 δέομαι.
325 2848 451 2930 Quanto
479 2851 592 2915 melius
623 2852 698 2915 haec
729 2853 773 2915 sic
801 2874 833 2915 se
861 2850 1026 2916 haberent:
1051 2852 1102 2916 ἐὰν
1125 2852 1185 2931 γὰρ
1204 2851 1263 2916 δια

171 2961 387 3039 μνημονεύσητε
421 2960 476 3045 [τὰ
502 2962 652 3042 εἰρημένα,
677 2962 727 3025 καὶ
751 2960 894 3047 παιησηθ]
918 2960 940 3026 at
962 2963 1020 3038 ἐγὼ
1045 2963 1122 3038 ὑμῶν
1145 2961 1261 3040 δέομαι,

171 3067 223 3135 οἷδ’
246 3067 289 3137 ὅτι
313 3067 354 3136 rat
377 3095 411 3135 τε
434 3071 532 3135 δίκαια
555 3074 605 3136 καὶ
629 3073 742 3147 τάληθῆ
765 3073 932 3152 ψηφιεῖσθε.

215 3181 263 3244 De
293 3187 360 3244 tota
391 3201 483 3243 cansa
513 3182 558 3244 ita
589 3180 789 3246 statuendum
820 3188 906 3266 puto.
954 3181 1050 3243 Actor
1081 3179 1263 3244 iniuriarum

172 3291 323 3354 actionem
347 3290 412 3373 (qt
438 3291 540 3354 ἀδικῶν
571 3293 620 3356 οὐκ
650 3292 788 3374 ἐπαύετο)
817 3297 924 3354 contra
952 3288 1157 3352 Pancleoncm
1182 3288 1262 3372 apud

170 3398 403 3464 Polemarchum
428 3399 607 3465 instituerat
629 3402 658 3484 (q
681 3404 713 3486 5)
720 3427 729 3478 3
755 3407 823 3464 tum
847 3399 980 3464 Pancleo
997 3398 1206 3482 exceptionem
1223 3398 1264 3460 af-

170 3508 243 3586 fert,
268 3506 459 3572 contendens
484 3509 690 3592 cognitionem
714 3531 777 3575 non
802 3532 867 3574 asse
890 3508 1084 3573 Polemarchi
1107 3508 1150 3593 (is
1166 3506 1204 3570 de
1219 3507 1265 3570 in·

124 3646 127 3652 ’
171 3617 305 3701 quilinir
327 3617 375 3680 ius
406 3616 560 3700 dicebat),
593 3620 740 3704 quoniam
770 3619 960 3684 Plataeensis
988 3620 1008 3683 i.
1034 3641 1059 3684 0.
1086 3618 1160 3681 civis
1185 3625 1264 3681 esset

171 3727 219 3809 (cf.
252 3725 422 3796 Hermann.
455 3729 586 3812 Antiqu.
618 3732 635 3814 1
660 3731 737 3806 117,
762 3752 794 3793 n.
820 3732 839 3790 6
849 3756 858 3806 3
883 3751 941 3792 van
965 3728 1026 3792 den
1049 3727 1108 3804 Es,
1134 3725 1171 3792 de
1195 3748 1266 3790 con·

170 3835 266 3900 nubio
279 3836 327 3900 in:
345 3835 510 3920 Bijdragen
526 3860 585 3902 van
602 3840 654 3902 het
671 3839 749 3903 Gen.
766 3861 826 3902 van
841 3837 991 3902 Leeraren
1010 3859 1067 3900 aan
1084 3835 1122 3900 de
1138 3835 1263 3902 Nederl.

172 3945 284 4031 Gymn.
319 3947 559 4026 lata-1859,
592 3972 622 4034 p.
657 3953 716 4027 50,
747 3953 816 4034 sq).
863 3948 913 4012 Ad
945 3970 1035 4034 quem
1061 3947 1265 4011 refellendum

171 4055 245 4120 dum
269 4055 447 4118 testimonia
470 4059 644 4143 conquirit,
662 4059 775 4124 accidit
791 4065 828 4124 ut
843 4057 1028 4123 Nicomedes
1045 4056 1170 4140 quidam
1188 4056 1265 4121 Pau-

173 4167 311 4230 cleouem
343 4172 493 4250 tanquam
520 4190 612 4232 suum
635 4192 758 4234 servum
782 4168 932 4245 abducat;
957 4167 1010 4232 sed
1035 4166 1115 4230 datis
1138 4165 1266 4231 vadibus

173 4275 225 4340 ille
249 4274 420 4340 dimittitur
442 4277 475 4340 in
499 4277 580 4344 diem
605 4282 797 4364 proximum,
822 4287 858 4344 ut
882 4301 917 4343 ea
941 4277 978 4342 de
1001 4299 1033 4341 re
1057 4277 1123 4340 iure
1146 4285 1264 4360 agatur.

173 4384 252 4450 Tum
276 4406 346 4450 vero
370 4386 503 4454 Pancleo
527 4411 545 4452 a
567 4389 770 4456 familiaribus
795 4412 849 4475 per
871 4391 932 4452 vim
950 4411 966 4452 e
982 4387 1097 4452 iudicio
1115 4384 1266 4451 abductus

934 4498 935 4502 ¹
1090 4499 1147 4558 11*
