3128 5208
640 457 683 522 68

128 654 256 734 ridetur,
289 658 436 742 quoniam
470 677 526 722 uec
561 679 579 721 a
613 656 726 722 lectore
762 655 794 721 id
825 655 914 721 facile
945 655 1123 742 suppletur,
1155 676 1212 718 nec

126 767 182 846 arpi
214 769 344 842 πλείονος
379 767 559 853 simpliciter
590 789 645 853 pro
680 769 743 848 περὶ
779 773 890 834 πολλοῦ
924 775 1026 852 potest
1060 767 1211 852 usurpari.

126 875 285 962 Propterea
316 901 372 944 nec
400 902 472 944 cum
503 879 648 964 Emporia
678 878 757 944 lacio
788 878 963 944 emendanti
994 879 1086 958 καίτοι
1114 875 1212 956 οὗτος,

125 984 150 1049 ὃν
177 989 309 1070 ἐνοχλεῖν
338 989 423 1074 ᾤεσθε
454 1016 487 1058 π.
517 1015 549 1055 π.
580 993 628 1057 ἐπ.
653 990 710 1058 don.
735 993 805 1068 ἐμοῦ
829 990 963 1067 κήδεσθαι
986 989 1047 1056 καὶ
1071 993 1213 1066 μᾶλλον

125 1099 195 1176 ἐμοὶ
216 1112 418 1180 κατεῖπεν,
443 1124 499 1168 nec
522 1125 591 1168 cum
618 1102 716 1166 Balio
739 1101 913 1166 restituenti
936 1101 1028 1166 καίτοι
1052 1104 1083 1166 οὐ
1105 1099 1214 1172 τούτοις

125 1212 228 1293 ἐνοχλῶ
253 1209 280 1280 οἳ
302 1239 335 1280 π.
359 1239 393 1280 π.
418 1217 466 1280 ε’π.
500 1214 558 1280 dou.
589 1215 659 1292 ἐμοῦ
689 1213 823 1290 κήδεσθαι
854 1219 971 1292 μᾶλλον
1001 1213 1050 1278 καὶ
1066 1211 1140 1292 ,ἐμοὶ
1163 1233 1215 1276 κοι-

124 1331 228 1391 τεῒπον.
278 1325 396 1390 Reiakii
427 1333 531 1401 autem
563 1323 752 1390 emendatio:
779 1324 795 1401 ἢ
827 1323 926 1392 ἄλλον
949 1323 1017 1405 πρὸς
1041 1323 1093 1402 ἐμὲ
1117 1347 1215 1388 κατει-

124 1442 185 1499 πεῖν
208 1438 406 1522 oppoaitionc
429 1438 512 1502 iusta
534 1445 634 1515 caret,
659 1459 730 1502 nam
753 1437 775 1500 ii
798 1436 856 1521 ipsi
880 1437 933 1520 qui
957 1435 1100 1500 volebant
1122 1435 1217 1500 videri

125 1546 225 1626 amici,
251 1549 341 1614 facile
367 1549 442 1614 alios
466 1548 548 1633 apud
564 1555 771 1614 accusatorem
791 1548 1066 1613 denunciaviseent.
1103 1546 1215 1614 Melius

125 1666 201 1722 certe
233 1684 266 1724 se
298 1661 442 1727 haberet:
476 1660 493 1738 ἢ
524 1662 591 1741 πρὸς
619 1659 728 1734 ἄλλους
756 1663 826 1739 ἐμοῦ
856 1667 1015 1726 κατειπεῖν.
1063 1657 1121 1724 Sed
1150 1681 1216 1744 pro·

126 1768 191 1850 pius
223 1772 263 1836 ad
294 1772 442 1837 librorum
476 1771 593 1836 accedit
624 1771 803 1836 lectionem:
828 1773 845 1848 ἢ
868 1773 893 1836 ον’
917 1769 1003 1836 ἄλλοι
1026 1771 1097 1847 ἐμοῦ
1120 1793 1215 1836 κοοτει-

127 1887 204 1956 πεῖν,
239 1890 273 1946 nt
302 1883 454 1946 sententia
482 1883 538 1946 ait:
571 1884 691 1969 „pluris
722 1882 795 1947 fecit
825 1883 875 1946 hic
899 1891 934 1946 ut
959 1882 1112 1948 videretur
1139 1881 1216 1948 mihi

128 1989 223 2066 „bene
255 1993 352 2071 velle,
388 2016 479 2076 quam
515 1993 625 2077 reliqui
658 1993 823 2080 (fecerunt)
860 2001 896 2056 ut
926 2016 974 2057 me
1006 1992 1218 2057 accusarent.’'

128 2099 227 2168 Pluris
259 2105 317 2168 iste
350 2104 480 2170 faciebat
510 2105 616 2170 lalsam
648 2106 799 2170 amicitiae
831 2106 962 2190 speciem
986 2128 1076 2190 quam
1097 2105 1217 2189 ¹reliqui

130 2213 305 2280 calumnias.
337 2255 382 2265 -
413 2215 459 2278 De
490 2216 545 2294 iis,
578 2239 656 2302 quae
688 2216 746 2280 sub
773 2217 864 2280 linem
895 2217 986 2280 huius
1011 2217 1154 2280 sectionis
1177 2217 1219 2280 le-

133 2334 244 2406 guntur
262 2326 402 2412 superius
424 2332 536 2390 actum.
572 2325 715 2390 Proxima
733 2327 867 2390 sectione
886 2328 1036 2410 ἐφάσκετε
1051 2367 1095 2376 -
1116 2327 1218 2393 πάντα

131 2443 271 2508 ποιοῦντες
302 2439 352 2502 οὐκ
380 2436 460 2516 ἔχειν
487 2433 564 2507 ὅπως
594 2437 799 2514 ἀπαλλαγῆτέ
822 2461 877 2512 μου
901 2437 1097 2504 scribendum
1119 2417 1219 2504 οἰπαλ-

131 2555 263 2624 λοιγεῑτε.
649 2547 652 2564 ’

172 2661 188 2745 q
216 2663 265 2724 ll.
297 2658 368 2736 Καὶ
401 2649 458 2736 ἐγέι
487 2658 540 2735 μὲν
570 2657 649 2742 ᾦμνν
682 2665 917 2741 Φιλοτοφοῦντοις
950 2663 1054 2732 αὐτοὺς
1082 2661 1143 2743 περὶ
1168 2667 1218 2727 τοῦ

133 2773 304 2850 πράγματος
324 2770 486 2848 ἀντιλέγειν
509 2773 557 2836 τὸν
580 2773 704 2836 ἐναντίον
729 2771 825 2848 λόγον.
858 2770 1017 2836 Scheibius
1041 2796 1078 2836 ex
1101 2774 1219 2838 coniec-

133 2887 199 2945 tura
222 2881 306 2946 dedit
329 2881 504 2958 ἀντιλέξειν,
529 2881 582 2945 sed
606 2905 640 2946 ea
663 2883 832 2946 mutatione
854 2905 916 2946 non
932 2906 1010 2968 opus
1027 2893 1082 2948 est.
1114 2883 1220 2964 Quum

133 2991 182 3056 iati
204 2993 294 3056 amici
317 2992 575 3076 obloquerentur,
598 2994 696 3078 primo
718 3016 780 3057 non
797 2995 926 3079 putabat
943 3017 993 3058 eos
1010 2995 1088 3058 acrio
1105 2995 1221 3074 dicere,

136 3103 186 3168 sed
216 3111 251 3168 ut
282 3125 370 3166 suam
401 3103 542 3187 peritiam
574 3112 777 3183 ostentarent,
810 3105 885 3168 diois
917 3128 1009 3170 eausa
1039 3107 1220 3170 contrariam

137 3222 212 3280 tueri
233 3215 426 3280 sententiam.
473 3215 533 3280 Sed
556 3216 588 3280 in
612 3239 647 3280 ca
670 3217 814 3302 opinione
838 3218 984 3302 deceptus
1004 3225 1066 3280 est:
1088 3218 1111 3280 oi
1128 3214 1222 3295 δ’ἄρα

136 3331 183 3394 οὐκ
204 3329 363 3406 οέντέλιγον
386 3329 457 3394 αλλ’
480 3327 697 3407 ἀντέπραττον,
721 3349 807 3406 „non
831 3335 895 3392 erat
917 3328 994 3392 illud
1020 3327 1147 3411 obloqui
1169 3326 1222 3390 sed

137 3441 233 3516 „serio
258 3439 443 3504 adversari.''

177 3554 194 3637 q
220 3553 270 3614 16.
317 3590 362 3600 —
391 3551 441 3617 καὶ
473 3551 540 3632 πρὸς
571 3551 624 3628 ἐμὲ
654 3550 717 3631 περὶ
743 3552 820 3629 ὑμῶν
847 3553 942 3616 αὐτῶν
965 3550 1086 3627 ἐλέγετε
1108 3555 1221 3620 κακῶς·

138 3661 238 3730 ἔπειτα
261 3664 310 3728 καὶ
336 3661 398 3742 περὶ
422 3660 621 3742 Πολυκλέους,
647 3656 667 3742 ᾧ
691 3661 749 3726 νυνὶ
767 3662 917 3739 βοηθεῖτε,
937 3659 1027 3725 πέντ’
1045 3658 1222 3741 ripamaris
1299 3659 1300 3664 ’

138 3776 224 3852 ὑμᾶς.
270 3773 331 3837 Pro
354 3771 456 3836 ἔπειτα
479 3775 529 3836 καί
552 3770 716 3855 legendum
740 3780 814 3856 puto
838 3771 900 3838 ἐπεὶ
925 3773 973 3836 καὶ
994 3771 1052 3838 τοὶς
1076 3793 1169 3850 „nam
1186 3770 1224 3834 de

137 3886 282 3972 „Polycle
314 3887 423 3962 etiam,
456 3883 504 3948 oui
537 3906 619 3948 nunc
648 3885 860 3968 opitulamini,
890 3885 992 3949 omnia
1014 3882 1101 3947 vobis
1124 3880 1222 3957 dixi”;

136 4000 281 4064 nimirum
312 3996 359 4060 illi
389 4017 442 4058 vos
473 3968 566 4058 fuisse
598 3994 749 4072 infensos,
783 4017 877 4080 quum
909 3996 1041 4060 amioum
1073 3993 1223 4058 diceretis,

138 4109 218 4174 Hinc
243 4109 371 4172 fortasse
395 4105 432 4168 de
456 4105 608 4169 sententia
629 4105 691 4168 loci
713 4105 893 4169 conclamati
916 4108 932 4191 b
959 4108 996 4169 ll
1016 4104 1131 4190 aliquid
1148 4103 1225 4167 effici

139 4228 254 4305 potest:
278 4217 371 4284 καίτοι
395 4221 477 4297 σφῶν
501 4240 538 4293 γε
560 4218 655 4282 αὐτῶν
680 4216 763 4300 (libri
786 4214 915 4293 καίτοιγε
935 4218 985 4296 ἐφ’
1005 4212 1041 4280 ὧν
1057 4242 1095 4295 γε
1116 4218 1223 4300 αὐτῶν)

139 4332 333 4412 κατηγόρουν.
364 4331 388 4394 εἰ
419 4328 477 4408 γοὶο
509 4325 530 4392 ἃ
561 4328 641 4405 aare
671 4326 780 4392 τούτων
808 4327 985 4406 ἀδικουμένῳ
1007 4353 1053 4405 μοι
1082 4327 1170 4404 μηδὲν
1193 4321 1225 4400 ἦν

141 4442 244 4508 δίκαιον
275 4442 380 4515 εἰπεῖν,
414 4434 431 4513 ἦ
461 4461 515 4503 που
545 4425 641 4510 καλῶς
671 4437 874 4518 συνέπραττον.
924 4437 1077 4502 Dixerunt
1107 4436 1225 4502 sodales
