3126 5210
667 454 728 515 221

141 661 224 716 natu
259 652 500 736 quingentorum
532 650 609 714 dicit
639 652 656 734 q
687 652 727 712 22
753 649 803 733 (cf.
827 650 866 713 ad
894 653 943 714 19.
973 651 1042 732 ll);
1067 649 1140 712 item
1165 668 1243 730 quae

143 765 161 846 q
195 765 238 824 26
272 768 303 824 11
334 764 394 836 27;
424 782 459 824 11
487 760 531 823 sio
554 782 633 824 nexa
656 768 729 823 sunt
753 781 878 836 causae,
904 765 940 821 ut
964 781 1000 822 ex
1024 758 1084 820 alia
1107 757 1245 820 oratione

145 873 214 956 peti
238 893 302 934 nou
328 869 497 954 potuerint.
545 868 587 932 m
609 870 626 952 d
650 869 668 930 8
693 868 750 932 sub
774 869 825 932 fin.
852 875 882 932 11
911 869 948 930 lc
974 867 1031 931 sub
1055 869 1106 930 dn.
1132 866 1244 929 habeut

145 1004 214 1046 eam
248 979 401 1044 rationem
433 977 684 1060 demonstrandi,
713 1000 792 1063 quae
817 979 930 1042 Atticis
954 978 1085 1041 maxime
1108 983 1156 1040 ost
1178 998 1246 1060 pro·

147 1090 227 1174 pria.
275 1089 399 1166 Unum,
429 1089 512 1172 quod
536 1089 689 1153 rhetorem
714 1095 826 1173 arguat
848 1095 920 1151 sunt
945 1087 1245 1165 111111ροοιοτέλευτα

146 1202 163 1284 q
188 1201 246 1261 al:
271 1197 341 1263 ὅταν
365 1199 419 1276 μὲν
441 1198 523 1263 aava
544 1198 601 1270 πάς
625 1198 809 1280 πνγγραφάς
833 1203 973 1274 ποιῶμεν,
990 1195 1116 1262 ἅπαντα
1135 1197 1176 1261 τά
1188 1197 1244 1262 πά-

146 1331 214 1389 τρια
237 1309 376 1390 θύεται,
401 1307 517 1372 ἐπειδάν
540 1307 569 1370 δὲ
592 1308 674 1372 κατά
697 1307 753 1378 τάς
777 1308 888 1381 στήλας
913 1303 950 1377 ἀς
973 1303 1054 1376 οὗτος
1076 1305 1244 1385 ἀνέγραψε,

147 1420 251 1485 πολλοὶ
282 1425 337 1483 τῶν
367 1420 444 1498 ἱερῶν
473 1418 725 1493 καταλύεται,
758 1425 789 1481 11
812 1416 923 1497 πάριπα
946 1416 987 1480 ib.
1012 1417 1104 1480 καίτοι
1127 1411 1207 1486 οὗτος
1232 1415 1245 1479 ὃ

148 1529 295 1608 ἱερόσυλος
313 1527 490 1608 περιτρέχει,
511 1528 607 1604 λέγων
627 1530 663 1599 ὡς
687 1527 880 1605 εὐσέβειαν
904 1525 977 1591 ἀλλ’
993 1528 1042 1591 οὐκ
1059 1525 1244 1589 εὐτέλειαν

148 1640 313 1719 ἀνέγραψε.
361 1637 432 1701 Huo
456 1637 561 1701 referri
586 1646 718 1722 possunt
740 1640 758 1722 q
781 1640 841 1700 291
865 1637 1041 1716 Νικόμαχον
1060 1631 1162 1700 εἵλεσθ’
1173 1636 1243 1700 ἀνα-

148 1749 279 1828 γράφειν
301 1747 342 1811 πά
365 1746 519 1829 πάτριοι,
545 1742 565 1827 ᾧ
589 1747 670 1812 κατά
693 1746 834 1825 πατέρα
856 1755 909 1820 τῆς
933 1747 1044 1816 πόλεως
1066 1746 1099 1808 οὐ
1116 1744 1245 1823 προςάκει

149 1865 181 1920 11
211 1859 228 1941 d
258 1860 318 1920 31:
351 1852 387 1920 dv
418 1858 476 1933 ἐγὼ
506 1858 635 1934 ἡγοῦμαι
667 1856 745 1927 ἐνίοις
777 1857 923 1936 προςήκειν
956 1856 1024 1932 ὑπὲρ
1054 1859 1110 1918 τῶν
1132 1853 1245 1923 ἐρινεοῖς

150 1966 366 2047 πεπραγμένων
397 1967 665 2041 ἀπολογεῖσθαι
696 1967 772 2030 πολὺ
796 1969 920 2044 ’μᾶλλον
946 1965 963 2039 ἢ
986 1965 1052 2035 τοὺς
1074 1962 1244 2032 ἀδικοῦντος

151 2075 249 2156 σώζειν
269 2076 526 2155 προαιρεῖσθαι.
551 2073 727 2138 Secundum
744 2074 993 2159 Theophrastum
1010 2073 1117 2157 Lysias
1134 2075 1165 2136 in
1182 2094 1245 2136 ora-

152 2186 236 2248 tione
260 2205 316 2268 pro
340 2183 431 2247 Nicia
455 2183 594 2247 dixerat:
618 2184 701 2248 κλάα
723 2186 771 2248 τὸν
790 2181 950 2264 ἀμάχητον
965 2184 1014 2246 καὶ
1031 2181 1245 2263 ἀναυμάχητον

152 2293 260 2374 ὄλεθρον
294 2302 323 2356 11
355 2293 416 2356 1111
447 2293 513 2357 looo
545 2296 626 2376 (nam
658 2293 732 2356 haec
759 2293 919 2356 cohaerere
942 2313 1012 2357 uum
1037 2295 1244 2378 superioribus

153 2425 216 2466 nou
239 2403 413 2488 videntur):
438 2406 531 2469 ἱκέτιν
556 2405 610 2482 μὲν
634 2405 715 2470 αὐτοὶ
740 2411 795 2468 πῶν
819 2405 886 2468 θεῶν
908 2403 1086 2484 καθίζοντες,
1107 2405 1244 2484 προδότας

153 2515 184 2578 δὲ
221 2522 277 2580 πῶν
314 2513 399 2596 ὅρκων
427 2519 507 2593 ἡμᾶς
541 2515 612 2599 (leg.
644 2517 736 2598 ὑμᾶς)
765 2514 995 2596 ἀποφαίνοντες,
1028 2516 1244 2586 ἀνακαλοῦντες

151 2625 341 2707 συγγένειαν,
366 2626 515 2702 εὐμένειαν
540 2627 590 2708 (ap
613 2624 708 2688 Dion.
734 2623 806 2688 Hal.
831 2624 869 2688 de
893 2624 965 2709 Lys.
990 2647 1015 2688 c.
1042 2627 1083 2686 14
1107 2647 1136 2708 p.
1160 2627 1243 2702 483,

152 2735 278 2820 henin).
327 2733 416 2814 Quae
448 2735 552 2819 inepta
584 2742 673 2812 sunt,
706 2742 742 2798 ut
773 2735 817 2799 nil
851 2757 951 2820 supra.
998 2734 1057 2798 Sed
1085 2756 1147 2798 non
1171 2735 1245 2799 obli-

152 2844 331 2909 viscendum
354 2853 431 2930 puto
454 2846 606 2930 pertinere
629 2846 704 2909 haee
720 2846 758 2909 ad
776 2854 908 2910 11111111
926 2847 1038 2910 nostris
1054 2847 1244 2910 orationibus

151 2955 372 3038 antiquiorem,
406 2977 467 3039 qua
497 2956 649 3020 inficetum
676 2954 849 3018 Siculorum
875 2965 970 3018 artem
992 2954 1101 3039 Ipsius
1125 2977 1244 3020 consec·

151 3072 234 3127 tatus
259 3065 309 3127 sit.
357 3064 473 3147 Utique
495 3086 595 3128 1111111
619 3069 680 3128 non
700 3065 840 3129 existimo
858 3064 1083 3143 defensionem
1101 3067 1244 3151 equidem

150 3177 315 3252 nescirem,
341 3183 447 3238 utrum
470 3176 653 3259 ineptiorem
677 3175 809 3240 dicerem
832 3174 974 3260 Lysiam,
1000 3177 1053 3258 qui
1078 3177 1152 3240 haec
1174 3176 1244 3239 scri-

150 3284 220 3348 bere
252 3286 389 3370 potuerit
420 3307 458 3348 an
483 3284 623 3362 Niciam,
648 3286 759 3368 quiin
783 3285 888 3348 mortis
915 3285 1051 3368 periculo
1080 3284 1153 3348 haec
1177 3307 1244 3368 pro·
1331 3283 1333 3287 ’

149 3396 295 3460 nunciare
326 3395 474 3470 voluerit3
508 3394 602 3459 fuisse
632 3394 753 3458 videtur
781 3395 885 3478 potius
911 3395 1094 3459 declamatio
1119 3417 1134 3458 1
1158 3394 1241 3457 ludo,

150 3503 209 3568 Sed
240 3503 392 3588 quidquid
424 3505 482 3569 hoc
514 3513 561 3568 est
592 3529 628 3569 ex
660 3506 816 3590 superiore
845 3505 900 3569 illa
928 3512 1028 3569 aetate
1052 3505 1169 3588 aliquid
1194 3504 1244 3567 ad-

149 3614 283 3678 haesisse
306 3622 416 3698 potest.
446 3614 565 3680 Similia
588 3617 695 3698 utique
712 3615 884 3679 invenimus
900 3616 933 3679 in
950 3616 1090 3699 proxima
1106 3614 1243 3679 oratione

149 3726 230 3788 κατά
261 3723 393 3796 Φίλωνος.
440 3724 499 3788 Sed
524 3726 653 3788 maxime
676 3723 843 3788 tenendum
867 3725 971 3789 lusum
994 3725 1083 3788 illum
1107 3726 1139 3789 in
1162 3727 1242 3788 εὐτε-

149 3836 215 3917 λείιρ
239 3843 270 3898 11
292 3835 429 3917 εὐσεβείᾳ
454 3836 491 3900 ab
515 3844 636 3900 oratore
659 3842 804 3919 tanquam
829 3835 1010 3901 Nicomachi
1034 3836 1152 3901 dietum
1176 3857 1243 3918 pro·

149 3945 236 4022 ferri3
257 3945 355 4029 ipsius
376 3945 456 4008 enim
477 3944 660 4010 Nicomachi
680 3945 754 4008 haec
774 3945 866 4008 verba
886 3945 1241 4029 11111111111111111121,

153 4055 206 4118 ubi
227 4052 436 4117 Nicomachus
456 4040 749 4126 11111111111111ποῒς
766 4055 1049 4134 δνναρκένοιςαὲγειν.
1074 4055 1240 4118 Rhetorum

150 4186 233 4227 more
258 4162 467 4228 Nicomachus
489 4165 521 4226 in
538 4163 592 4226 illa
615 4165 826 4248 paronomasia
850 4165 1014 4231 admodum
1040 4165 1097 4230 sihi
1122 4165 1244 4254 placens

150 4281 299 4358 perpetuo
322 4273 414 4336 verba
437 4274 497 4337 iste
520 4275 551 4336 in
576 4295 627 4337 ore
644 4274 786 4338 habebat.
804 4274 1010 4360 Subineptum
1027 4285 1074 4340 est
1089 4275 1242 4340 θύεται-

150 4385 264 4450 λύεται.
313 4381 393 4446 Nam
426 4385 475 4447 vix
507 4384 565 4448 hoo
591 4385 752 4448 fortuitum
778 4407 842 4449 esse
866 4394 976 4471 potest.
1023 4387 1153 4470 Reliqua
1177 4385 1241 4448 eius
