3126 5210
318 655 477 718 ficantium
507 656 567 718 vim
599 654 732 738 aliquam
765 653 1021 718 nanciscebantur
1056 653 1084 736 (b
1118 655 1175 728 19,
1208 652 1287 735 sqq.)
1318 658 1349 714 51
1383 673 1422 714 ex

317 766 461 848 opinione
485 766 639 829 communi
663 765 700 828 de
724 765 790 829 eius
815 765 943 828 scientia
966 764 1071 848 legum
1091 786 1146 848 pro
1166 763 1309 846 genuinis
1325 762 1422 826 habe·

317 874 442 937 bantur⁴
460 883 490 938 et
517 875 765 939 observabantur.
813 874 893 939 Rara
917 875 980 938 avis
1005 881 1069 938 erat
1094 873 1334 936 iurisconsultus
1362 873 1420 935 Ae

317 985 396 1047 ticus
428 993 458 1048 51
488 985 614 1048 minoris
650 985 687 1048 ab
723 993 842 1049 oratore
878 985 1013 1050 habitus.
1060 982 1132 1046 Non
1166 983 1271 1066 magni
1302 983 1419 1060 refert,

316 1103 420 1158 utrum
453 1096 614 1169 sollemnes
645 1077 778 1159 rationes
810 1095 951 1180 (55111ναῦ
975 1096 1008 1159 hi
1033 1095 1229 1158 nomothetae
1252 1093 1418 1168 dederint,

315 1228 371 1269 555
402 1228 450 1270 ne.
497 1205 727 1269 Demonstravit
759 1205 910 1289 Bergkius
942 1205 964 1268 l.
988 1205 1011 1268 l.
1042 1228 1072 1289 p.
1108 1207 1170 1267 155
1199 1204 1269 1266 5511.
1301 1202 1418 1266 Aesch.

315 1315 397 1379 Otos.
427 1320 466 1380 14
489 1338 552 1380 555
576 1316 710 1394 dedisse,
745 1315 828 1400 quod
851 1315 939 1378 'intra
961 1315 1089 1397 triginta
1109 1313 1173 1376 dies
1194 1335 1307 1377 munus
1327 1312 1419 1378 abso·

314 1427 415 1490 lutum
440 1436 528 1491 esset.
575 1427 707 1491 Dubitat
730 1426 768 1490 de
793 1447 829 1490 eo
851 1425 980 1510 Weyers
1005 1425 1037 1489 in
1062 1425 1152 1488 diatr.
1177 1425 1208 1488 in
1225 1424 1296 1509 Lys.
1318 1447 1362 1488 or.
1382 1425 1415 1488 in

315 1538 553 1615 Nicomachum,
578 1562 607 1624 p.
627 1541 679 1601 35.
716 1538 835 1622 Utique
851 1537 972 1621 legibus
988 1536 1144 1620 rescriptis
1161 1543 1191 1598 et
1208 1557 1276 1599 cum
1294 1535 1416 1620 populo

313 1650 394 1712 intra
418 1650 617 1713 constitutam
642 1649 720 1712 diem
747 1647 997 1724 communicatis,
1022 1647 1221 1730 magistratus
1245 1667 1310 1709 esse
1334 1645 1417 1708 desi·

313 1759 444 1836 nebant,
484 1759 628 1843 quodque
667 1781 748 1821 unus
788 1767 895 1842 postea
927 1778 982 1820 suo
1015 1757 1116 1820 Marte
1148 1755 1257 1839 agebat
1289 1777 1350 1818 uon
1384 1755 1415 1817 vi

312 1869 447 1932 muueris
478 1868 587 1945 fiebat,
620 1868 739 1930 etiamsi
771 1868 865 1930 tacito
899 1867 1012 1931 civium
1047 1889 1198 1930 consensu
1221 1865 1414 1950 probaretur.

312 1977 521 2041 Veruntamen
550 1999 587 2040 ex
617 1977 674 2039 hac
704 1975 830 2060 Bergkii
861 1976 1069 2040 admonitione
1101 1975 1309 2060 intellegitur,
1343 1997 1415 2038 vere

310 2089 437 2151 fortasse
460 2094 664 2151 accusatorem
690 2086 802 2150 dixisse
826 2108 995 2172 numquam
1025 2087 1158 2150 rationes
1181 2109 1198 2149 a
1221 2084 1414 2150 Nicomacho

311 2199 398 2262 datas
422 2198 528 2261 fuisse.

354 2307 413 2371 Per
444 2330 496 2371 sex
527 2329 622 2370 annos
652 2307 814 2372 continuos
838 2314 908 2370 ante
932 2307 1095 2391 imperium
1119 2305 1248 2389 triginta
1271 2305 1408 2368 virorum

309 2419 416 2503 populi
440 2417 586 2481 mandatu
610 2417 706 2500 egisse
723 2415 946 2480 Nicomachum
964 2439 1025 2480 non
1042 2422 1144 2501 potest
1160 2415 1265 2500 negari
1281 2424 1409 2500 propter

309 2551 344 2590 ea
375 2549 452 2612 quae
483 2527 631 2610 leguntur
653 2529 669 2611 5
693 2530 729 2590 3:
755 2527 976 2603 ἐπιβαλλόντων
1001 2526 1030 2589 δὲ
1054 2531 1109 2590 τῶν
1132 2524 1283 2605 ἀρχόντων
1306 2525 1409 2603 ἐπιβο-

308 2637 365 2706 λὰς
396 2638 444 2700 aul
474 2635 647 2713 εἷςννγόντων
677 2637 717 2706 εἰς
747 2638 780 2699 τὸ
807 2635 984 2712 δικαστῆρννν
1012 2635 1062 2698 οὐκ
1086 2633 1208 2709 ἠθέλησε
1230 2633 1409 2712 παραδοῦναι

307 2746 373 2817 τοὺς
396 2748 516 2829 νόμους,
542 2768 619 2829 quae
643 2745 761 2809 collatis
786 2745 985 2829 sequentibus
1010 2752 1136 2830 apparet
1160 2743 1320 2808 referenda
1343 2765 1409 2808 esse

307 2856 345 2920 ad
378 2863 515 2940 tempora
546 2857 682 2941 proxime
713 2857 841 2940 triginta
871 2857 1006 2918 virorum
1029 2856 1195 2939 imperium
1219 2876 1407 2940 praegressa.

307 2965 386 3032 Nam
411 2967 514 3051 legum
537 2967 657 3033 tabulas
681 2966 807 3050 (κύρβεις
832 2967 894 3040 sive
918 2965 1044 3043 ἄξονας,
1070 2967 1107 3031 de
1132 2967 1246 3051 quibus
1270 2966 1309 3029 cl.
1329 2965 1408 3029 Hul-

306 3077 424 3155 leman,
449 3078 537 3142 Mise.
562 3077 643 3141 Phil.
665 3085 696 3140 51
719 3077 812 3141 Paed.
829 3077 901 3140 fasc.
921 3079 957 3154 2,
976 3078 1076 3140 Amst.
1099 3078 1182 3140 1850
1201 3100 1230 3161 p.
1250 3081 1309 3157 56,
1327 3081 1406 3163 sqq.)

306 3210 367 3250 non
400 3193 520 3270 poterat
551 3187 634 3250 domi
665 3209 737 3250 suae
768 3186 898 3250 retinere
922 3187 983 3249 nisi
1008 3186 1131 3272 publice
1153 3187 1296 3253 creditas.
1345 3189 1406 3254 Sed

305 3320 396 3383 quam
419 3296 508 3361 valde
531 3319 638 3360 rursus
661 3319 725 3360 rem
748 3305 860 3380 augeat
883 3303 1001 3374 orator,
1026 3297 1156 3380 quisque
1181 3297 1273 3361 videt.
1323 3298 1404 3378 Quis

305 3407 387 3470 enim
418 3405 580 3470 crediderit
609 3407 763 3470 civitatem
788 3407 827 3470 ad
850 3407 961 3471 incitas
984 3407 1138 3470 redactam
1163 3407 1258 3472 fuisse
1282 3407 1403 3473 defectu

305 3517 424 3600 legum,
456 3538 532 3598 quas
563 3539 644 3579 unus
668 3517 744 3580 civis
768 3517 851 3582 domi
874 3518 1038 3595 retineret3
1063 3518 1246 3601 quasivero
1270 3520 1410 3603 populus·

305 3649 367 3690 non
392 3648 483 3689 ausus
506 3626 617 3690 fuisset
641 3628 845 3711 quantocius,
872 3629 964 3691 etiam
989 3649 1043 3713 per
1068 3629 1146 3705 vim,
1168 3627 1206 3691 ab
1223 3627 1403 3693 administro

304 3758 361 3799 suo
392 3743 528 3820 repetere
551 3735 648 3813 illud,
673 3736 757 3820 quod
782 3738 847 3801 sine
871 3735 1059 3820 reipublicae
1082 3736 1313 3820 perturbatione
1341 3761 1400 3802 am-

305 3846 386 3930 plius
410 3853 513 3909 tenere
537 3868 599 3909 non
623 3847 748 3930 posset?

349 3955 437 4035 Quae
469 3979 562 4021 causa
588 3959 718 4021 moverit
749 3966 971 4036 accusatorem,
1002 3967 1040 4021 ut
1069 3979 1153 4021 nunc
1183 3956 1309 4020 demum
1332 3965 1401 4042 post

305 4075 437 4152 quatuor
468 4089 563 4130 anuos
599 4068 749 4131 actionem
783 4068 959 4132 institueret
989 4067 1140 4131 incertum
1172 4073 1227 4129 est.
1275 4066 1336 4130 Sed
1363 4067 1400 4130 de

303 4200 413 4260 genere
437 4178 566 4240 actionis
590 4177 706 4261 aliquid
730 4177 806 4242 mihi
830 4177 947 4242 efficere
971 4199 1059 4260 posse
1082 4176 1186 4241 videor
1206 4199 1243 4239 ex
1261 4178 1278 4261 5
1296 4179 1332 4242 7:
1349 4179 1399 4242 ἐὰν

304 4285 328 4348 δ’
351 4283 409 4366 ἄρα
440 4287 572 4368 ἐπιχειρῇ
602 4286 716 4363 λέγειν,
740 4285 832 4367 ἅπερ
856 4291 889 4351 ἕν
913 4297 953 4368 τῇ
978 4287 1113 4368 βουλῇ,
1136 4289 1173 4359 ὡς
1196 4289 1254 4363 ἐγὼ
1277 4293 1333 4352 τῶν
1355 4312 1399 4352 τε·

302 4395 458 4474 τρακνσῖων
481 4395 638 4474 ἐγενόμην,
658 4421 685 4460 κ.
710 4423 738 4462 τ.
765 4399 788 4461 ἓ.
835 4397 882 4460 Ex
907 4397 955 4460 his
980 4398 1060 4460 enim
1085 4403 1211 4480 apparet
1234 4418 1297 4459 rem
1315 4397 1397 4482 prius
