3126 5210
572 512 575 525 .
696 457 759 518 203

175 681 240 736 ρους
261 657 395 730 ποιήσετε
419 653 437 730 ἢ
460 659 521 718 νῦν
544 656 627 728 εἱσι,
649 652 698 718 καῖ
743 655 772 716 τ’
785 650 894 722 ἄλλους
914 650 1050 728 βελτίους
1071 649 1204 721 ποιήσετε
1215 645 1265 710 ιιαῖ

176 767 261 846 παρὰ
289 762 398 830 τούτων
433 763 510 838 δίκην
544 762 698 846 εἰληφότες
744 762 826 840 παρὰ
864 761 966 827 τούτου
1005 759 1083 834 δίκην
1112 756 1267 836 εἰληφότες

179 875 287 940 ἔσεσθε.
748 870 855 934 ἔσεσθε.

226 984 320 1048 Vides
350 983 426 1046 haec
457 981 557 1046 verbis
588 982 668 1046 iuter
698 1003 730 1045 se
753 979 865 1045 similia
889 1002 964 1043 esse.
999 977 1162 1062 Superiora
1188 976 1215 1059 (q
1240 974 1269 1050 7,

177 1094 247 1158 Nic.
274 1096 345 1176 23),
374 1091 488 1174 quibus
515 1114 593 1176 quaa
622 1091 808 1176 exspectatio
839 1090 879 1154 sit
907 1090 1065 1154 hominum
1095 1087 1134 1152 de
1157 1091 1268 1150 eventu

177 1203 286 1268 iudicii
309 1202 489 1279 declaratur,
515 1203 668 1267 sententia
688 1223 751 1266 non
774 1200 872 1266 verbis
892 1198 1096 1284 comparanda
1118 1199 1198 1262 inter
1221 1219 1269 1274 ve,

176 1333 240 1376 uon
263 1311 419 1388 describo,
446 1312 590 1398 quoniam
613 1311 725 1376 similia
747 1310 820 1374 alibi
844 1330 967 1394 quoque
990 1307 1190 1372 inveniuntur
1197 1331 1206 1384 ;
1231 1304 1269 1369 cf.

180 1423 234 1484 12.
263 1423 305 1484 35
334 1429 366 1486 et
392 1425 444 1486 22.
476 1425 526 1486 19.
564 1421 712 1486 Maiorem
736 1422 796 1486 vim
820 1420 935 1487 habant
957 1419 1048 1484 haec:

221 1534 238 1616 d
264 1535 313 1597 15.
338 1536 424 1609 ἡμεῖς
447 1534 537 1598 τοίνυν
556 1535 592 1616 (σῖ
607 1533 698 1608 axed-
789 1530 860 1596 Nic.
893 1533 946 1595 35.
982 1534 1066 1608 ἡμεῖς
1098 1529 1151 1603 μὲν
1178 1527 1268 1593 τοίνυν

176 1644 265 1726 rapat)
297 1645 347 1707 οὐκ
378 1644 606 1720 ἠθελήσαμεν
636 1667 702 1722 τοο·
747 1645 797 1709 οὐκ
819 1641 1002 1718 ἠθελήσαμεν
1018 1639 1073 1703 ὑπὸ
1088 1639 1194 1703 τούτων
1205 1636 1269 1714 aar·

178 1751 289 1833 δοῦναι,
313 1751 452 1830 α’ξισῖιμεν
470 1753 499 1817 δὲ
520 1753 588 1830 μηδ’
607 1752 701 1830 ὑμᾶς,
748 1751 858 1828 σύμεναι
890 1749 1055 1826 πεισθῆναι,
1084 1747 1117 1811 τὸ
1148 1747 1172 1810 δ’
1196 1746 1269 1812 αὐτὸ

177 1861 412 1939 ἐνθυμουμένους,
436 1887 464 1928 ιι.
488 1887 516 1926 τ.
541 1863 563 1926 ἑ.
586 1861 635 1946 (cf.
658 1864 699 1924 14
744 1867 828 1926 τοῦτο
852 1864 1082 1940 παρακαλοῦμεν
1105 1857 1194 1933 ὑμαῖς.

180 1970 319 2034 futurum
341 1972 513 2056 θεύσεσθαι).

223 2079 357 2144 Maxime
382 2080 472 2145 velim
495 2081 628 2158 attendi,
652 2082 685 2144 in
709 2080 870 2164 Epicrates
893 2101 988 2164 paene
1011 2077 1116 2142 omnia
1131 2100 1209 2162 quae
1225 2077 1269 2141 di·

177 2211 264 2252 versa
279 2190 359 2266 sint,
378 2191 483 2274 peiora
498 2213 577 2268 esse,
598 2191 747 2274 quaedam
765 2190 802 2255 ab
819 2197 999 2274 argumento
1015 2188 1114 2252 aliena
1130 2187 1180 2273 (cf.
1194 2209 1272 2273 quae

178 2321 274 2384 supra
297 2300 335 2364 ad
358 2301 495 2385 singulos
518 2302 601 2366 locos
621 2303 748 2386 monui).
785 2303 923 2388 Apparet
943 2323 979 2364 ex
995 2301 1042 2364 his
1049 2347 1058 2377 ,
1078 2298 1269 2384 Epicrateam

178 2429 215 2471 ex
239 2408 445 2476 Nicomachea
467 2412 639 2476 imitatione
662 2434 832 2497 expressam
857 2434 939 2488 esse,
955 2433 1018 2474 non
1034 2417 1149 2474 contra.
1175 2407 1268 2488 Quod

177 2519 270 2582 etiam
302 2542 338 2584 ex
368 2530 505 2606 tempore
536 2521 657 2586 habitae
685 2522 851 2606 utriusque
882 2520 1029 2585 orationis
1053 2519 1130 2584 effici
1154 2518 1268 2605 possit,

176 2629 329 2711 siquidem
359 2629 596 2696 Nicomacheam
627 2632 719 2696 hodie
749 2632 811 2696 fere
840 2637 961 2696 constat
988 2653 1014 2694 a.
1039 2633 1103 2695 399
1132 2629 1269 2694 habitam

177 2761 243 2802 esse
266 2739 316 2823 (ci.
340 2739 453 2826 Bergk.
477 2743 510 2806 in
534 2743 652 2806 Andoc.
677 2742 750 2807 edit.
774 2741 914 2806 Schiller.
939 2765 969 2827 p.
996 2743 1076 2817 141,
1093 2742 1182 2824 sqq),
1199 2738 1271 2824 Epi·

178 2855 309 2913 crateam
341 2849 615 2916 demonstravimus
646 2851 684 2916 ad
712 2875 739 2916 a.
766 2855 829 2916 399
854 2859 909 2917 aut
932 2851 1025 2937 paulo
1048 2857 1118 2935 post
1142 2851 1270 2915 releren-

176 2957 247 3021 dam
267 2981 341 3023 esse.
385 2960 445 3024 Sed
469 2963 643 3045 quaeritur,
667 2985 744 3027 num
767 2961 874 3046 Lysias
902 2985 990 3026 suam
1012 2962 1077 3045 ipse
1101 2960 1268 3024 orationem

176 3070 357 3151 expresserit
387 3069 487 3134 dicam
518 3094 555 3136 an
583 3072 802 3157 depravaverit.
850 3071 883 3134 Si
913 3078 1053 3155 ageretur
1083 3069 1122 3133 de
1150 3070 1268 3145 ἕνθυμή·

175 3201 251 3254 μασι
276 3179 459 3261 quibusdam
483 3184 705 3267 sententiisque
728 3181 1004 3268 splendidioribus,
1030 3201 1105 3263 quas
1129 3201 1166 3241 ex
1188 3199 1268 3241 com-

175 3289 333 3352 mentariis
360 3289 567 3375 ›depromsisse
601 3292 684 3356 credi
715 3301 835 3377 posset,
861 3291 959 3376 possit
982 3290 1051 3372 quis
1074 3289 1202 3351 fortasse
1224 3287 1269 3350 ita

176 3396 323 3462 accidisse
353 3407 479 3482 putare3
507 3425 591 3467 nunc
621 3425 692 3466 vero
721 3424 818 3486 quum
840 3402 928 3466 nullo
952 3407 1064 3464 ornatu
1087 3397 1266 3482 conspicua,

177 3507 288 3589 partim
319 3509 409 3572 exilia
439 3511 501 3574 sint
532 3534 610 3596 quae
641 3519 713 3576 sunt
742 3511 854 3576 similia
885 3513 912 3597 (q
938 3513 1007 3595 15),
1041 3509 1181 3594 equidem
1204 3529 1267 3573 non

175 3615 264 3680 facile
286 3619 475 3686 crediderim.

221 3726 314 3807 Quod
345 3732 370 3794 si
398 3731 472 3796 haec
495 3735 593 3798 oratio
616 3756 670 3818 per
693 3757 725 3798 se
748 3741 913 3818 spectatur,
938 3735 1030 3798 etiam
1053 3734 1263 3812 inveniuntur,

175 3858 254 3920 quae
289 3839 458 3907 offendant:
494 3844 596 3910 subita
618 3847 774 3911 conversio
797 3847 814 3929 q
837 3849 867 3909 4.
891 3846 940 3910 καῖ
962 3848 1029 3922 ὑμῖν
1053 3846 1129 3926 ἔχω
1154 3868 1265 3910 nomen

141 4035 145 4040 1
175 3948 350 4014 inauditum
384 3951 619 4036 Ὀνσμσθσαντσς,
655 3955 715 4034 ib.;
746 3956 878 4034 οῖδῖιυιμα
908 3958 925 4040 q
949 3959 984 4034 6;
1010 3955 1097 4019 lusus
1120 3956 1152 4018 in
1173 3955 1264 4019 verbo

174 4056 304 4138 σῖιιριτσςι
329 4063 359 4126 οὐ
383 4063 442 4143 adp
465 4061 672 4144 adverberaret
693 4067 762 4142 εῖσι,
786 4065 848 4145 περὶ
877 4063 913 4130 ὧν
940 4065 976 4130 θον
998 4067 1079 4143 ὑμεῖς
1099 4064 1203 4137 εἰδότες
1224 4065 1265 4129 τὰ

174 4170 347 4248 πραχθέντα
377 4155 562 4255 ψηφίσησθε,
602 4175 656 4258 qui
681 4176 738 4240 etsi
761 4198 778 4239 a
802 4174 894 4260 Lysia
916 4198 979 4239 non
1001 4175 1118 4239 alienus
1143 4182 1189 4238 est
1214 4175 1264 4256 (cf.

174 4279 221 4341 ἔτ’
244 4283 400 4363 αὐτοφώρῳ
427 4307 521 4369 supra
551 4308 581 4370 p.
607 4289 680 4371 98),
706 4295 807 4350 tamen
831 4285 881 4349 hlc
904 4285 1021 4350 nullam
1049 4285 1262 4349 necessitatem

174 4388 281 4469 habet,·
301 4401 444 4480 poterant
466 4397 569 4461 omnia
587 4396 642 4460 illa
660 4400 677 4483 q
699 4401 717 4459 8
734 4399 864 4482 ἡγοῦμαι
876 4435 921 4445 -
935 4399 952 4491 q
964 4399 982 4458 9
996 4395 1262 4478 καταψηφίσαισθε
