3074 5210
630 487 691 552 139

119 690 214 756 canda
239 693 317 777 quid
340 693 451 756 lactum
468 699 546 756 esset
564 713 581 754 a
597 697 695 775 patre,
714 710 857 774 apparere
873 686 994 751 domum
1013 677 1204 746 auditoribus

117 803 252 868 debebat
280 827 314 868 ex
336 805 389 882 iis,
414 825 491 888 quae
515 803 552 868 de
576 802 702 886 reliquis
719 800 839 866 filiabus
857 805 1045 872 constarent,
1063 815 1124 858 non
1142 801 1206 854 tan·

116 936 210 998 quam
244 923 354 980 notum
386 925 416 979 et
446 923 562 980 certum
589 913 734 999 proponi;
760 911 842 996 quod
866 911 891 974 si
915 909 1028 972 lactum
1053 913 1148 978 esset,
1174 901 1203 964 in

114 1025 193 1090 illud
228 1027 341 1092 vitium
371 1028 528 1092 incidisset
558 1035 677 1103 orator,
701 1023 785 1108 quod
809 1021 950 1108 principii
974 1018 1081 1105 petitio
1105 1011 1206 1099 appel·

115 1136 171 1200 lari
195 1138 290 1202 solet.
336 1139 420 1203 Dicit
443 1139 568 1203 alteram
592 1137 715 1202 cessisse
732 1134 903 1199 Philomelo
920 1129 1063 1217 pauperi,
1081 1126 1204 1191 alteram

114 1246 274 1314 Phaedro.
318 1251 451 1316 Tertiam
481 1250 569 1315 diviti
598 1248 776 1314 collocatam
802 1268 883 1322 esse,
908 1265 971 1308 non
995 1247 1031 1304 ut
1053 1237 1118 1302 doti
1142 1257 1207 1320 par·

114 1368 198 1424 ceret
232 1369 334 1446 pater,
366 1362 419 1426 sed
447 1363 519 1446 quia
543 1361 619 1426 bene
642 1367 784 1424 moratus
809 1363 887 1422 esset
910 1351 1147 1438 Aristophanes,
1171 1367 1206 1410 ex

116 1470 163 1534 bis
197 1473 306 1557 colligi
337 1473 441 1550 debet;
473 1475 510 1537 of.
534 1475 551 1558 t
573 1473 623 1537 17.
672 1471 800 1536 Accedit
828 1469 911 1553 quod
934 1467 983 1532 κονὶ
1008 1457 1207 1544 Ἀριστοφάνει

115 1583 147 1644 τὸ
178 1582 262 1658 ἴσον,
291 1608 386 1670 quae,
419 1585 444 1650 si
473 1584 589 1661 credis,
619 1584 701 1648 diota
723 1589 796 1646 sunt
819 1603 891 1667 pro:
916 1581 967 1654 τὴν
991 1577 1019 1643 δὲ
1042 1579 1152 1654 'Aaou
1177 1569 1209 1634 τὸ

117 1691 174 1757 ἴτον
199 1695 332 1773 ἐπιδούς,
356 1695 520 1760 admodum
545 1693 673 1758 turbant
695 1693 807 1758 locum.
848 1691 1008 1776 Adscripta
1032 1691 1105 1750 sunt
1127 1707 1144 1746 a
1167 1705 1211 1744 so·

118 1802 193 1868 dulo
219 1805 355 1890 quodam
378 1805 431 1870 sed
452 1807 626 1890 importuno
643 1805 817 1890 interprete.
857 1797 1131 1867 Rauohensteinius
1148 1815 1209 1858 non

119 1927 283 2002 perspecta
306 1919 569 2004 argumentatione
592 1941 629 1982 ex
651 1920 668 2003 d
694 1921 730 1982 ll
757 1931 901 2002 apparere
925 1921 1030 2000 putat,
1053 1909 1130 1976 duas
1147 1917 1211 1974 tan·

120 2035 188 2092 tum
214 2029 296 2094 filias
319 2030 464 2094 habuisse
487 2030 615 2094 oratoris
639 2038 765 2114 patrem.
809 2028 868 2092 Pro
891 2027 1038 2105 ἀδελφιδῷ
1055 2025 1084 2088 δὲ
1103 2022 1212 2102 martyro

119 2138 175 2204 ἕντο
201 2144 393 2222 Μνῤῥννονσίῳ
416 2141 534 2206 dudum
558 2164 594 2205 ex
615 2141 737 2226 Taylori
753 2140 927 2204 coniectura
942 2137 1110 2223 repositum
1127 2156 1211 2218 opor·

119 2251 183 2316 tuit
214 2254 266 2318 aa.
297 2254 320 2316 δ’
347 2251 404 2317 ὅντε
436 2262 470 2317 Φ.
499 2249 540 2333 τῷ
567 2263 611 2324 Μ.
659 2251 847 2316 Concinnius
879 2250 922 2313 sic
953 2249 1066 2332 legitur
1101 2247 1210 2330 (πένοντο

117 2363 311 2442 γεγενημένῳ
336 2402 381 2412 -
407 2363 553 2446 ἀδελφιδῷ
574 2363 598 2426 δ’
613 2361 699 2446 ὅντε),
725 2383 817 2445 quam
841 2362 866 2425 si
889 2361 947 2428 ἕντο
971 2359 1082 2422 eiicias.
1130 2355 1209 2420 Casu

120 2474 273 2538 omissum
304 2498 322 2538 a
351 2474 475 2540 librario
503 2481 534 2538 et
557 2475 587 2538 in
612 2475 748 2558 margine
771 2474 917 2558 scriptum
942 2471 997 2536 ὅντε
1023 2471 1121 2534 alieno
1144 2469 1210 2533 loco

120 2583 274 2650 insertum
299 2595 352 2650 est.

164 2699 182 2782 d
209 2701 263 2762 19.
309 2697 413 2778 Quum
445 2697 551 2762 Conon
584 2699 719 2782 legatum
748 2697 781 2761 in
812 2697 946 2761 Siciliam
975 2697 1095 2769 mittere
1119 2691 1211 2766 vellet

123 2807 347 2892 Aristophanes
370 2807 463 2890 ᾤχετο
492 2810 621 2881 ὑποστὰς
645 2811 726 2884 μετοὶ
748 2811 878 2886 Εὐνόμου
901 2809 950 2872 καὶ
975 2807 1099 2886 Λυσίου,
1123 2804 1212 2884 <ultro

121 2916 198 2991 ὄντος
226 2919 274 2982 nal
298 2917 392 3002 ξένον,
424 2920 456 2984 τὸ
481 2920 586 2994 πλῆθος
609 2919 642 2984 τὸ
666 2921 799 3000 ὑμέτερον
823 2919 941 2984 πλεῖστ’
966 2917 1070 2996 dyada
1095 2937 1210 2988 πεπονη-

123 3028 225 3106 κότος,
257 3033 292 3103 ὡς
324 3034 381 3110 ἐγὼ
412 3033 524 3106 ἀκήκοεν
554 3039 609 3096 τῶν
637 3035 665 3097 ἐν
696 3039 826 3112 napata
852 3032 934 3116 [τῶν]
960 3025 1210 3110 παραγενομένων.

123 3137 239 3206 Parum
263 3149 332 3227 apta
355 3144 477 3208 videtur
499 3144 573 3208 heco
598 3143 759 3208 ambitiosa
781 3142 967 3227 praedicatio
988 3142 1165 3204 meritorum
1180 3140 1213 3202 in

123 3252 357 3337 rempublicam.
404 3254 571 3335 Quaeritur
606 3263 777 3339 praeterea,
814 3255 901 3318 ouius
937 3254 1023 3334 Φίλος
1057 3252 1106 3316 real
1137 3251 1211 3327 ξένος

124 3359 234 3446 Lysias
257 3364 386 3432 dicatur.
427 3365 508 3430 Nam
529 3366 674 3451 inquilini
696 3366 850 3450 (μετοίκου)
867 3365 1076 3429 condicionem
1092 3364 1129 3427 iis
1146 3385 1211 3426 ver·

126 3469 172 3536 bis
205 3473 370 3559 significari
400 3498 462 3541 non
492 3487 585 3562 puto,
618 3486 654 3542 ut
677 3479 785 3542 statuit
808 3477 924 3541 Bakins
948 3501 978 3563 p.
1006 3479 1086 3553 194,
1111 3476 1214 3561 potius

8 3627 10 3672 y
127 3585 307 3652 tradiderim
338 3595 373 3650 ut
404 3588 497 3672 vulgo
522 3589 571 3672 (cl.
597 3590 622 3652 si
645 3589 724 3652 tanti
747 3588 827 3652 Xen.
852 3590 911 3652 An.
936 3587 980 3651 ΙΙ.
1008 3591 1036 3651 l.
1061 3591 1100 3664 4,
1125 3587 1212 3650 Dem.

129 3698 179 3762 18.
214 3701 273 3775 46,
308 3700 360 3782 51)
393 3699 435 3762 sio
466 3699 515 3762 hio
545 3721 667 3784 quoque
699 3699 737 3762 de
768 3699 902 3762 amicitia
926 3708 956 3763 et
978 3699 1112 3782 hospitio
1136 3699 1214 3762 inter

8 3807 9 3810 ’
127 3811 261 3890 privatos
285 3832 349 3874 esse
372 3809 579 3893 cogitandum.
628 3810 722 3874 Porro
751 3834 789 3874 ne
813 3811 949 3894 potuisse
973 3809 1097 3895 quidem
1121 3811 1215 3873 Athe·

7 3951 8 3954 *
126 3920 264 3986 niensem
294 3921 480 4005 inquilinum
509 3922 563 4005 qui
593 3923 771 4008 perplures
796 3945 891 3986 annos
916 3922 1046 3986 Athenis
1070 3922 1213 4000 vixisset,

129 4051 220 4096 suum
242 4031 318 4108 ξένον
341 4039 454 4096 vocare
470 4041 582 4097 statuo,
622 4034 750 4098 Accedit
763 4034 845 4117 quod
862 4034 996 4098 Eunomi
1012 4034 1086 4120 civis
1104 4055 1214 4096 nornen

130 4152 200 4206 ante
229 4143 337 4228 Lysiae
368 4144 514 4229 inquilini
545 4143 626 4208 nude
651 4146 786 4230 positum
810 4168 873 4208 esse
897 4146 941 4208 sic
965 4153 1000 4207 ut
1024 4167 1119 4242 pagna
1142 4144 1216 4208 deli·

131 4261 226 4320 tescat
257 4280 363 4342 parum
395 4257 550 4342 probabile
582 4267 645 4335 est,
675 4257 714 4321 et'
733 4257 893 4322 Eunomus
918 4258 1001 4321 solus
1024 4259 1040 4341 d
1064 4259 1104 4318 23
1129 4257 1215 4319 testis

133 4368 252 4432 citatur.
297 4369 438 4454 Denique
469 4369 507 4433 de
535 4369 645 4454 Lysiae
677 4371 829 4455 legatione
859 4370 938 4434 nihil
962 4391 1091 4453 nsquam
1116 4368 1216 4453 prodi-

135 4485 198 4545 tum
221 4489 276 4544 est.
312 4479 415 4560 Quare
440 4503 539 4546 veram
562 4487 637 4566 puto
661 4481 788 4568 Sauppii
811 4482 1017 4546 coniecturam
1041 4480 1214 4545 aScheibio
