3074 5210
618 470 678 532 109

102 665 140 730 lis
161 673 250 732 esset.
290 667 361 732 Imo
384 689 481 753 quum
505 665 631 732 vixdum
646 666 771 732 adultus
788 664 925 732 Athenas
940 665 1115 754 reliquisset
1129 689 1191 734 non

18 864 21 881 Ι
107 776 202 862 potnit
231 779 266 843 in
299 779 368 866 ipsa
392 779 468 845 urbe
490 801 603 844 nomen
625 779 753 845 militiae
776 775 848 843 dare
871 779 1087 864 (καταλεγῆναι
1108 779 1192 846 daal-

18 886 21 899 '
106 913 152 963 της
177 890 194 975 t
219 891 251 976 7)
277 897 352 956 ante
374 887 553 969 Euclidem,
576 910 677 974 neque
700 896 771 956 anto
793 889 876 956 huno
898 889 1037 976 ignaviae
1059 892 1193 976 (λιποτα-

104 995 168 1084 ξίου)
191 999 315 1067 crimen
336 1001 507 1079 incurrere,
532 999 615 1086 quod
637 1023 722 1066 nunc
745 1001 773 1066 ei
793 1000 946 1068 obiicitur.
970 1001 1083 1068 Errant
1097 1002 1193 1088 igitur

106 1111 154 1193 qui
183 1118 302 1197 putent
332 1111 425 1197 paulo
457 1118 527 1198 post
549 1111 678 1197 triginta
700 1111 780 1176 viros
804 1112 947 1198 expulsos
969 1113 1050 1180 hanc
1072 1134 1192 1178 causam

107 1226 201 1286 actam
225 1244 308 1288 esse.

146 1331 232 1398 Huic
257 1333 400 1421 opinioni
415 1355 517 1418 .qnam
539 1333 670 1399 maxime
693 1333 792 1400 lavere
816 1333 999 1400 videbantur
1020 1336 1071 1421 §A
1089 1342 1119 1400 et
1136 1337 1193 1413 13,

108 1443 153 1506 cui
176 1443 252 1510 addi
277 1446 398 1532 possint
421 1467 498 1530 quae
519 1448 538 1532 t
563 1449 603 1510 14
626 1447 784 1532 legantur,
809 1445 865 1511 ubi
888 1446 1021 1532 primum
1044 1445 1103 1510 hoc
1125 1452 1196 1531 post

106 1576 206 1638 pacem
231 1557 385 1623 iudicium
409 1557 446 1622 de
468 1558 591 1644 ignavia
614 1558 677 1622 lieri
701 1558 839 1643 dicatur,
864 1565 1053 1644 quapropter
1079 1557 1195 1622 iudices

108 1674 244 1750 oporteat
269 1678 413 1756 reputare
436 1691 467 1734 se
491 1669 581 1754 quasi
603 1669 791 1754 legislatores
816 1691 898 1747 esse3
928 1675 996 1733 tum
1019 1667 1094 1732 socii
1117 1689 1196 1732 com-

110 1787 334 1859 memorentur,
360 1781 415 1866 qui
437 1787 507 1866 post
530 1802 557 1846 a.
582 1782 644 1845 387
670 1780 750 1845 nulli
772 1779 834 1844 fere
857 1779 973 1845 fuerint
996 1775 1196 1866 (Ho'elscher,

111 1910 136 1972 p.
167 1891 242 1976 84),
275 1915 366 1978 porro
398 1892 510 1956 milites
539 1891 691 1957 vulnerati
724 1897 778 1956 aut
811 1890 984 1976 indigentes
1019 1913 1073 1977 per
1106 1889 1197 1954 urbes

113 1997 248 2085 dispersi.
298 2002 358 2068 Sed
390 2011 463 2068 sunt
491 2003 565 2068 haec
588 2001 663 2068 talia
686 2024 764 2087 quae
788 2002 881 2067 etiam
903 1987 1108 2087 alii'tempori
1130 2022 1199 2065 con·

112 2110 243 2178 veniant.
278 2113 412 2180 Tantum
434 2113 625 2198 intellegitur
647 2112 737 2191 haec,
760 2135 856 2199 quum
871 2112 1012 2198 pluribus
1029 2113 1103 2178 locis
1120 2117 1199 2176 esset
1321 2195 1322 2200 ἵ

114 2231 285 2307 pugnatum
309 2225 432 2310 (milites
456 2225 537 2310 aegri
561 2224 691 2310 dispersi
715 2227 815 2310 sunt),
841 2231 912 2310 post
928 2231 1079 2290 recentem
1098 2247 1199 2310 paoem

115 2330 191 2398 diota
225 2358 303 2402 esse.
349 2335 431 2400 Nam
465 2337 580 2415 socios,
620 2337 758 2421 quamvis
789 2358 919 2421 paucos,
951 2342 1053 2402 tamen
1080 2336 1199 2422 aliquos

116 2443 203 2510 etiam
226 2454 300 2533 post
322 2446 535 2512 Antalcideam
553 2469 659 2533 pacem
679 2447 833 2512 habebant
852 2447 1069 2526 Athenienses,
1090 2447 1128 2512 cf.
1145 2449 1199 2511 25.

117 2555 163 2620 19.
212 2559 375 2625 Praeterea
397 2583 433 2624 ex
455 2562 472 2646 b
497 2562 536 2623 19
561 2561 618 2641 οὐχ
640 2562 676 2632 ὥς
699 2557 898 2638 ἀπολουμένης
918 2567 970 2634 τῆς
986 2557 1110 2635 πόλεως,
1129 2555 1200 2623 αλλ’

117 2667 149 2739 ὥς
171 2671 370 2767 σωθησομένης
394 2670 504 2735 efficias
526 2671 624 2757 ipsam
647 2670 755 2735 urbem
778 2670 929 2755 praesenti
951 2669 1045 2734 fuisse
1065 2667 1201 2756 periculo
1329 2687 1330 2690 ’

120 2782 302 2864 expositam
338 2781 391 2846 sed
414 2781 495 2846 iusta
518 2780 582 2846 acie
606 2788 775 2868 pugnatum
806 2804 868 2846 non
892 2803 956 2846 esse
978 2780 1078 2866 palam
1102 2787 1202 2846 estex

120 2887 135 2970 d
158 2892 194 2955 5:
220 2891 328 2972 μοίχηο
350 2892 410 2972 γὰρ
433 2891 567 2970 οὐδεμίαι
590 2891 750 2972 γεγονέναι.

159 2999 247 3068 Haec
281 3009 383 3069 tamen
414 3003 529 3089 optime
561 3003 652 3068 etiam
683 3002 722 3067 ad
753 3025 874 3068 annum»
893 3004 957 3066 388
981 3001 1091 3066 referre
1113 3022 1202 3087 posse

118 3111 191 3178 mihi
215 3113 330 3179 videor.
376 3112 507 3178 Nullum
531 3113 619 3178 facile
642 3113 814 3199 periculum
829 3113 909 3178 inter
923 3111 1040 3178 bellum
1053 3111 1202 3197 Pelopon·

120 3222 275 3290 uesiaoum
306 3229 349 3289 et·
366 3223 626 3289 Chaeroneensem
657 3223 861 3290 calamitatem
883 3223 1007 3310 propius
1030 3221 1204 3288 minabatur

120 3329 266 3414 Athenis,
299 3357 391 3420 quam
422 3335 541 3420 Aegina
571 3334 626 3398 illo
657 3347 778 3398 anno'a
799 3333 1048 3400 Lacedaemoniis
1071 3332 1203 3397 obsessa.

119 3437 193 3509 Inde
220 3444 361 3530 Spartani
384 3443 462 3510 duce
485 3443 634 3511 Eteonico
651 3445 837 3529 egressiones
853 3443 1005 3509 faciebant
1020 3443 1051 3508 in
1068 3442 1204 3507 Atticam

19 3599 20 3642 ;
122 3558 150 3616 et
179 3555 209 3621 si
239 3554 315 3640 quid
332 3563 431 3619 'secus
462 3553 621 3619 accidisset
652 3561 757 3619 tutum
778 3577 813 3619 eo
836 3554 991 3620 habebant
1012 3553 1203 3641 perfugium,

17 3701 20 3758 3
122 3660 431 3751 Lacedaemoniisqne
453 3665 531 3730 mari
551 3664 782 3730 dominantibus
797 3663 1020 3750 impediebatur
1034 3671 1206 3730 mercatura

124 3775 226 3842 Attica
233 3803 242 3856 ς
268 3777 350 3864 quod
374 3776 401 3842 si
422 3777 525 3863 plures
549 3777 587 3841 iis
610 3776 739 3840 fuissent
763 3775 866 3861 copiae
882 3775 970 3840 facile
985 3775 1082 3860 ipsam
1098 3775 1205 3840 urbem

125 3889 343 3974 oppressissent
350 3915 359 3968 3
387 3889 496 3972 classis
527 3894 608 3952 certe
632 3887 669 3952 ab
693 3885 931 3951 Atheniensibus
954 3888 1047 3951 missa
1070 3893 1134 3951 erat
1157 3885 1208 3949 ad-

126 4000 249 4066 modum
280 4001 401 4086 exigua.
448 3999 561 4064 Decem
592 3999 730 4064 triremes
753 3999 894 4076 fuerunt,
920 4020 998 4083 quae
1021 3998 1153 4085 hoplites
1178 4005 1207 4062 et

128 4107 232 4176 ducem
264 4111 462 4197 Pamphilum
490 4111 523 4174 in
553 4111 685 4176 insulam
713 4115 975 4195 transportarent,
1000 4115 1037 4174 ut
1059 4108 1208 4192 Aeginam

129 4219 309 4288 obsiderent.
356 4220 511 4307 Expositis
536 4220 684 4286 militibus
707 4242 798 4285 naves
822 4243 840 4284 a
861 4218 1108 4285 Lacedaemoniis
1124 4218 1209 4282 basac

133 4339 202 4397 sunt
209 4358 219 4411 3
243 4332 348 4417 copiae
370 4337 526 4396 terrestres
548 4330 668 4396 munito
683 4330 751 4396 loco
767 4329 906 4394 obsessae
920 4330 1022 4415 potius
1037 4328 1121 4414 ipsae
1136 4335 1209 4392 sunt

17 4515 19 4544 ἒ
134 4463 219 4526 quam
249 4443 449 4523 obsederunt,
481 4443 651 4528 quintoque
679 4465 780 4508 mense
802 4448 873 4527 post
895 4442 1006 4506 infecta
1028 4465 1060 4506 re
1083 4440 1208 4505 domum
1251 4471 1256 4484 ·
