3126 5210
705 433 769 494 215

229 630 277 692 De
310 652 345 694 ea
376 651 408 692 re
440 637 543 692 autem
572 628 702 693 iudicari
733 651 794 694 non
823 631 953 715 poterit,
978 637 1142 715 antequam
1166 627 1283 713 quida

181 739 317 803 librariis
349 739 580 823 pessumdatum
612 741 667 818 sit,
700 748 849 825 quantum
882 741 946 804 fleri
983 739 1078 824 possit
1108 763 1126 801 a
1154 738 1280 821 reliquis

183 850 435 935 separaverimus.
482 849 592 933 Itaque
628 851 711 933 (utor
742 849 863 914 Scheibi
895 849 1082 933 recensione)
1112 848 1187 912 haec
1219 848 1280 910 fere

185 967 330 1045 corrupta
353 967 581 1024 remanserunt:

230 1072 247 1154 q
269 1073 300 1134 3.
346 1069 392 1132 Eo
415 1069 531 1132 redacti
553 1090 689 1147 eramus,
714 1069 830 1154 inquit,
851 1067 920 1134 ὦσι)
940 1069 973 1132 ἐκ
991 1077 1044 1142 ric
1064 1070 1165 1133 τούτου
1181 1068 1278 1146 χειρὸς

186 1179 407 1257 τεταμιεύμεθα
430 1179 494 1251 τοὺς
518 1179 630 1256 νόμους.
678 1179 853 1244 Sententia:
879 1185 914 1242 ut
936 1178 1029 1243 huius
1052 1179 1158 1242 manui
1178 1199 1280 1262 accep·

186 1297 234 1353 tas
272 1290 453 1353 referremus
489 1288 581 1372 leges.
628 1288 843 1352 Necessarium
874 1294 920 1354 est
947 1287 1280 1372 plusquamperfectum

186 1397 431 1477 ἕσεσιιμιεύμεήιι.
478 1398 525 1462 De
556 1408 721 1483 augmento
753 1399 791 1462 cl.
820 1397 1017 1462 Herodianus
1040 1421 1087 1482 ap.
1113 1397 1217 1460 Herm.
1243 1396 1280 1460 de

187 1533 244 1573 em.
277 1517 333 1574 rat.
365 1509 502 1573 Gramm.
532 1509 587 1574 Gr.
621 1533 649 1594 p.
684 1512 766 1573 311:
791 1509 861 1574 εἰσὶν
884 1501 909 1572 οἳ
931 1507 1120 1588 σφάλλονται
1143 1509 1280 1583 λέγοντες

185 1619 327 1692 δεδώκειν,
351 1621 388 1690 ὠς
411 1621 608 1694 ἐπεποιήκειν.
634 1618 743 1690 παντὸς
766 1619 826 1696 γὰρ
845 1616 1056 1698 παρακειμένου
1073 1617 1200 1696 ῥήμοιτος
1220 1615 1280 1680 οὶπὸ

186 1730 341 1810 συμφώνου
369 1731 531 1810 οὶοχομένον
557 1731 571 1794 ὅ
602 1730 838 1806 ὑπεοσννπέλικος
871 1727 1093 1810 προσλαμβάνει
1124 1728 1157 1792 τὸ
1181 1729 1204 1791 ἓ.
1228 1722 1281 1792 οἷον

186 1839 311 1921 νὲννχοι,
336 1840 482 1920 ε’νενύχειν
506 1840 555 1904 aa)
579 1841 740 1921 βέβληκα,
765 1839 954 1917 ἐβεβλήκειν·
978 1837 1050 1903 οὕτω
1074 1839 1124 1903 acl
1148 1838 1209 1902 ἀπὸ
1228 1843 1278 1902 τοῦ

186 1948 293 2013 lituae
320 1950 470 2014 ἕδεδώκειν.
507 1949 600 2034 Apud
625 1949 881 2033 Aristophanem,
907 1949 998 2012 modo
1023 1947 1202 2032 aphaeresin
1226 1946 1279 2009 ob-

187 2080 300 2136 serves,
332 2082 485 2144 nusquam
519 2059 557 2123 ab
590 2060 647 2123 hac
678 2059 785 2143 regula
815 2059 990 2135 aberratur;
1023 2080 1118 2142 quare
1140 2058 1178 2121 iis
1202 2057 1279 2120 locis

187 2167 237 2231 ubi
269 2169 302 2231 in
333 2168 420 2232 libris
451 2175 650 2253 augmentum
684 2168 875 2252 neglegitur,
905 2176 973 2232 tuto
1005 2175 1106 2253 potest
1130 2167 1218 2245 addi,
1244 2174 1280 2230 ut

185 2278 300 2340 factum
326 2277 405 2342 Xen.
435 2279 516 2343 Hell.
542 2277 597 2342 IV.
624 2281 653 2343 5.
680 2282 719 2342 42
743 2278 967 2356 ἀνεβεβήκεσαν
991 2287 1022 2342 et
1045 2277 1084 2343 V.
1109 2282 1140 2342 3.
1168 2281 1203 2342 l:
1227 2302 1278 2342 κοι-

186 2387 445 2466 σεδεδροιμήκεσοιν.

223 2500 246 2582 t
269 2503 300 2562 4.
346 2498 396 2562 acl
427 2499 487 2578 γήρ
517 2522 576 2579 τοι,
609 2495 629 2561 ὦ
663 2499 760 2579 ἄνδρες
792 2498 942 2570 licuerat,
957 2506 1015 2546 '—
1037 2496 1137 2561 ὃποίιον
1159 2496 1208 2560 acl
1232 2503 1280 2561 νῦν

187 2609 238 2680 τήν
261 2608 356 2688 ἀρχήν
379 2609 597 2683 carceralem,
622 2607 802 2692 Legendum
825 2609 969 2671 sortasse:
991 2606 1067 2687 ὁρᾶθ’
1082 2603 1152 2671 otta.
1176 2605 1279 2670 Facile

188 2717 269 2780 enim
292 2716 411 2799 aliquot
434 2716 556 2781 litterae
581 2716 718 2780 excidere
742 2723 921 2800 potuerunt.

232 2827 279 2891 Ib.
326 2827 377 2890 aa}
407 2823 463 2890 tta
493 2826 675 2906 διοιχειοίσοις
702 2825 786 2903 μόνος
810 2821 889 2898 οὗτος
911 2832 968 2890 τῶν
991 2823 1139 2904 οὶρξοὶνσονν
1162 2827 1280 2899 εὐθύνοι

187 2940 236 3001 οὐκ
267 2937 377 3001 ἔδωκεν.
425 2934 473 3000 Ne
501 2937 560 3000 hoc
584 2935 709 3021 quidem
733 2936 866 2999 auctoris
890 2937 1044 3014 σΦοὶλμιι,
1068 2935 1121 2998 sed
1145 2935 1281 2999 librario·

187 3068 264 3110 rum.
312 3046 386 3130 Leg.
417 3047 467 3110 ari
497 3045 552 3110 ὅσοι
583 3047 697 3117 οὐδεὶς
729 3046 872 3109 πώποτε
904 3045 986 3124 διοιχ.
1033 3044 1190 3109 Lacunam
1218 3046 1281 3109 ani-

188 3155 352 3219 madvertit
375 3155 529 3219 Reislrius

230 3267 247 3348 q
270 3267 299 3329 6.
348 3265 619 3328 Animadvertatur
643 3263 734 3328 velim
755 3263 868 3327 resumi
885 3263 943 3326 lroc
958 3262 1026 3327 loco
1043 3284 1121 3347 quae
1137 3264 1174 3328 ab
1191 3263 1280 3327 initio

187 3373 268 3437 dicta
292 3380 383 3452 sunt;
404 3375 536 3460 graviter
556 3373 610 3437 illa
625 3372 682 3436 liae
698 3373 955 3458 ιὶνοοκεφοιλοιιώσει
971 3380 1168 3457 repetentum
1186 3396 1280 3458 quare

186 3483 262 3547 mihi
294 3483 419 3568 quidem
448 3484 539 3548 nimis
563 3491 656 3547 tenue
682 3482 801 3546 videtur
825 3482 907 3568 quod
932 3483 1022 3546 hodie
1046 3505 1083 3546 ex
1107 3485 1281 3547 coniectura

186 3593 218 3657 in
250 3594 309 3659 fine
340 3593 491 3658 adscitum
523 3604 569 3657 est
601 3595 759 3669 ποιήσιισθε
790 3615 844 3678 pro
873 3592 1056 3667 ποιήσοισθοοι.
1102 3592 1172 3657 Ηοο
1194 3615 1280 3678 repo-

159 3703 322 3767 nendum
345 3704 463 3789 opinor.
511 3703 629 3768 Locum
653 3703 823 3788 longiorem
846 3725 908 3766 non
933 3703 1088 3780 exscribo,
1114 3701 1167 3766 sed
1184 3704 1279 3766 moni·

186 3820 237 3875 tus
261 3813 370 3897 opinor
385 3815 518 3899 quisque
534 3814 647 3878 sentiet
661 3814 817 3888 ποιήσιισθε
833 3834 971 3898 pugnare
986 3835 1114 3876 numero
1130 3813 1278 3892 oratorio,

187 3943 282 4006 eoque
307 3924 406 4007 posito
431 3923 518 3988 νοῦσον
543 3923 667 3988 κολοὶσοιι
690 3923 793 3987 nescio
817 3921 970 4006 quomodo
993 3923 1145 4007 frigeret.

231 4033 248 4115 ξ
272 4035 301 4096 7.
348 4032 396 4096 De
420 4033 571 4096 sententia
594 4032 652 4096 loci
676 4033 784 4097 τούτων
809 4032 917 4116 (Palat.
941 4035 1008 4115 τῶν)
1032 4039 1157 4097 τοιοῦτον
1180 4017 1295 4111 aare

185 4167 241 4207 τιον
273 4144 305 4207 ἕκ
331 4149 386 4206 τῶν
409 4141 599 4222 σετροικοσίων
622 4149 707 4206 πλεῖν
731 4141 747 4216 ή
774 4141 864 4222 χίλιοι
886 4143 1057 4218 νενήσονσοιι
1077 4148 1214 4221 constat,
1239 4144 1277 4208 de

181 4247 302 4330 serbis,
332 4252 444 4336 quibus
475 4275 550 4316 usus
583 4252 623 4316 sit
654 4260 779 4330 auctor,
812 4259 979 4338 pugnatur.
1015 4251 1181 4338 Requiras:
1206 4254 1277 4332 „his

185 4362 259 4425 talia
284 4362 494 4427 obtinentibus
519 4362 567 4426 vel
590 4362 830 4447 approbantibus
838 4361 869 4440 ,’'
893 4363 1001 4446 utiquc
1023 4362 1133 4428 fortius
1151 4364 1275 4428 verbum
