3128 5208
612 797 660 860 De
690 793 851 863 Vetustate
872 804 901 862 ct
926 800 1086 861 Brevitate.

355 1058 478 1122 Praeter
509 1081 561 1136 ea,
585 1058 624 1122 de
648 1059 759 1143 quibus
783 1060 884 1144 adhuc
906 1082 1006 1127 sermo
1030 1060 1106 1138 fuit,
1131 1060 1162 1124 in
1186 1058 1300 1149 iudicio
1324 1059 1409 1125 Dio-

311 1169 378 1254 nysi
414 1168 476 1248 duo
510 1175 618 1236 notatu
653 1169 746 1256 digna
781 1170 932 1260 videntur.
981 1170 1137 1237 adscribit
1172 1171 1253 1241 enirn
1287 1169 1409 1256 Lysiae

312 1302 460 1370 summam
494 1286 685 1376 venustatem
720 1281 846 1376 (χάριν),
883 1289 913 1346 et
948 1281 1073 1354 densam
1107 1303 1302 1375 pressamque
1336 1303 1410 1368 orp-

311 1393 426 1456 tionem
449 1392 645 1475 (στρογγύλην
668 1390 769 1478 aifre).
802 1392 872 1478 Ipse
895 1393 1028 1480 ingenue
1053 1393 1184 1470 fatetur,
1209 1391 1309 1458 verbis
1334 1415 1408 1465 uon

313 1503 461 1588 explicare
493 1525 523 1566 se
554 1525 641 1588 posse
674 1525 766 1587 quam
789 1504 919 1596 gratiam
941 1503 1050 1588 Lysiae
1073 1501 1244 1586 intellegat.
1279 1500 1406 1580 Seusu,

215 1670 216 1676 ,
312 1615 430 1700 inquit,
463 1615 647 1700 percipitur,
683 1638 744 1680 non
779 1616 878 1683 verbis
913 1615 1098 1700 explicatur,
1140 1636 1326 1699 quamquam
1360 1615 1409 1678 fa-

313 1725 424 1790 cillime
456 1726 588 1790 sentitur
618 1735 681 1790 tam
713 1726 750 1790 ab
785 1726 909 1791 indocto
944 1749 1037 1811 quam
1073 1725 1110 1790 ab
1134 1726 1257 1795 artifice.
1304 1723 1407 1808 Quod

314 1838 370 1908 etsi
405 1860 510 1902 verum
549 1846 611 1916 est,
649 1847 768 1914 tamen,
801 1861 896 1924 quum
928 1837 1006 1913 hanc
1033 1837 1176 1916 virtutem
1203 1836 1312 1922 Lysiae
1343 1834 1407 1900 uni

315 1948 485 2027 adscribat,
515 1956 546 2014 et
577 1949 620 2014 ita
651 1950 678 2017 ei
709 1951 863 2035 propriam
891 1972 956 2016 esse
979 1949 1077 2026 dieat,
1102 1956 1138 2013 ut
1161 1949 1217 2014 hac
1240 1955 1314 2020 nota
1336 1969 1408 2032 ger·

315 2082 423 2124 manae
447 2061 598 2140 orationea
623 2085 640 2125 a
663 2061 773 2146 spuriis
797 2060 936 2147 dignosci
959 2060 1094 2152 possint,
1119 2059 1220 2144 dolet,
1245 2058 1407 2136 rhetorem

315 2173 497 2239 sententiam
529 2194 616 2238 suam
647 2196 707 2237 non
744 2172 931 2261 enucleatius
966 2171 1151 2258 exposuisse.
1198 2169 1326 2244 Collatia
1358 2178 1407 2254 ta·

314 2307 384 2349 men
418 2283 485 2348 aliis
516 2284 591 2353 locis
621 2307 687 2352 eam
721 2285 892 2374 accuratius
919 2299 1068 2375 exponere
1096 2284 1272 2372 poterimus.
1320 2279 1404 2350 Eam

317 2394 398 2464 enim
439 2394 568 2482 gratiam
607 2397 701 2488 acreda
735 2394 869 2490 appellat
903 2395 941 2460 de
975 2395 1046 2482 Lys.
1085 2399 1124 2464 13
1167 2393 1269 2484 med,
1309 2392 1403 2480 Deru.

318 2508 368 2569 13.
400 2501 525 2590 Lysiam
547 2511 599 2578 τῆς
623 2506 800 2591 λεπτότητος
825 2505 909 2594 iaaac
931 2508 1057 2582 καὶτῆς
1079 2505 1199 2590 χάριτος
1222 2529 1292 2581 cum
1316 2502 1407 2588 (lala-

315 2616 396 2680 mide
427 2625 458 2679 et
489 2615 676 2706 Callimacho
708 2616 874 2706 artificibus
904 2626 1058 2704 comparat
1090 2618 1128 2682 de
1159 2618 1254 2684 Isocr.
1280 2619 1309 2680 3.
1355 2615 1405 2698 De

316 2727 471 2812 Calamide
496 2733 597 2800 autem
621 2728 658 2790 cf.
684 2726 747 2794 Oic.
765 2727 852 2806 Brut.
870 2731 886 2816 d
903 2731 919 2794 7
925 2731 962 2794 0:
988 2727 1177 2811 „Calamidis
1194 2729 1305 2815 (signa)
1323 2726 1405 2807 dura
1517 2775 1519 2780 -

315 2838 392 2918 „illa
411 2838 552 2925 quidem,
565 2838 618 2913 sed
635 2849 734 2933 tamen
752 2839 892 2913 molliora
908 2863 998 2926 quam
1015 2841 1149 2906 Canachi
1165 2839 1403 2936 (antiquioris)”.

315 2950 438 3020 Priscae
467 2949 563 3037 igitur
587 2949 790 3034 simplicitatis
814 2959 844 3016 ct
867 2951 1000 3018 duritiae
1024 2953 1096 3016 huic
1119 2951 1236 3042 aliquid
1260 2950 1404 3016 adhaere·

316 3061 379 3126 bat.
422 3059 469 3125 Of.
502 3059 627 3140 Quinct.
660 3061 734 3126 XII.
762 3065 813 3127 10.
840 3066 869 3129 7.
909 3063 967 3128 Sed
997 3065 1062 3150 ipse
1094 3057 1262 3157 Dionysius
1292 3061 1405 3143 melius

319 3163 501 3248 sententiam
523 3195 609 3240 suam
633 3173 813 3266 explicabit3
838 3175 876 3244 de
899 3176 986 3247 Isaeo
1010 3199 1035 3242 c.
1060 3179 1080 3244 4
1103 3175 1213 3262 Lysiae
1236 3174 1404 3248 catonem

320 3292 474 3370 comparet
497 3307 567 3353 cum
590 3286 724 3380 antiquie
748 3287 893 3372 picturis,
919 3310 996 3374 quae
1019 3287 1125 3374 paucis
1148 3285 1318 3373 coloribus,
1346 3307 1406 3370 nec

321 3396 481 3461 artificiose
504 3396 662 3486 permixtis
686 3397 870 3485 compositae
895 3399 973 3476 sint,
999 3398 1051 3492 aad
1073 3399 1257 3471 lineamenta
1272 3396 1406 3486 lrabeerrt

320 3507 484 3593 diligenter
507 3507 677 3602 descripta,
710 3507 809 3602 iisque
839 3516 983 3586 venustae
1012 3511 1074 3584 sint
1104 3509 1169 3598 (aiei
1201 3509 1235 3588 δή
1257 3531 1332 3596 τινες
1354 3509 1405 3588 dar

319 3627 408 3700 xaiar
439 3620 575 3700 γραφαί,
602 3619 740 3706 χρώμασι
763 3620 817 3695 μὲν
840 3621 1027 3701 εἰργασμέναι
1051 3621 1174 3696 enada,
1198 3619 1247 3703 api
1270 3613 1405 3704 videmiae

321 3732 349 3794 ἐν
379 3736 437 3802 τοῖς
469 3730 619 3806 μίγμασιν
650 3727 771 3810 ἔχουσαι
805 3731 889 3816 [fort.
920 3733 1026 3806 ἁπλοῖς
1050 3739 1081 3796 et
1103 3731 1217 3816 ἔχουσι]
1243 3729 1414 3814 corusalav‚'

320 3840 448 3928 ἀκριβεῖς
479 3840 509 3906 δὲ
538 3847 605 3912 ταῖς
640 3848 812 3920 γραμμαῖς,
845 3841 892 3906 acl
925 3842 999 3907 πολὺ
1033 3844 1066 3931 τᾷ
1096 3841 1198 3922 χάριεν
1228 3841 1257 3905 ἐν
1279 3838 1404 3921 raritate

206 3975 207 3978 ¹
320 3953 463 4036 ἔχουσαι).
505 3950 642 4014 Gratiam
673 3951 705 4015 in
730 3950 823 4046 Lysia¹
845 3953 981 4019 nativam
1007 3953 1099 4031 dicit,
1125 3974 1187 4017 non
1212 3951 1405 4022 artificiosam

321 4060 414 4126 Isocr.
439 4065 476 4125 3:
502 4062 640 4142 πέφυκε
664 4063 724 4144 arip
748 4065 765 4138 ai
789 4066 895 4130 Λυσίου
918 4063 994 4140 λέξις
1019 4065 1098 4146 ἔχειν
1120 4063 1153 4128 τὸ
1168 4059 1320 4145 χάριεν,’ἡ
1335 4059 1404 4126 δ”Ι-

321 4173 474 4252 σοκραὶτους
500 4174 652 4252 βούλεται.
688 4173 725 4239 In
749 4174 837 4254 Dcm.
866 4179 922 4240 13:
947 4179 1055 4258 Φυσικὴ
1080 4175 1221 4252 εὐστομίαι
1244 4173 1293 4260 acci
1317 4171 1404 4255 χάρις

321 4284 430 4369 Lysiae
460 4283 652 4348 adscribitur.
691 4283 732 4373 Et
763 4286 795 4349 in
819 4285 906 4350 Isaeo
929 4309 955 4350 e.
981 4289 999 4350 3
1025 4278 1145 4350 Isaeum
1168 4285 1406 4367 artificiosiorem

322 4395 413 4474 dicit,
446 4395 498 4460 sed
525 4395 633 4489 Lysiae
665 4397 761 4481 oratio
792 4399 909 4489 ἀφελής
940 4423 973 4463 τε
1003 4398 1052 4464 nai
1085 4398 1162 4476 ἠθικὴ
1185 4395 1302 4482 μᾶλλόν
1325 4397 1402 4474 ἐστε·
