3074 5210
709 451 770 512 105
799 501 802 508 ,

182 649 386 715 instructum
407 647 454 733 (of.
478 646 565 712 Guhl
587 670 619 714 u
643 647 765 728 Koner,
793 647 846 714 das
869 647 974 714 Leben
997 648 1051 712 dor
1075 647 1233 714 Griechen
1250 669 1282 713 u.

180 759 330 837 Rdmer,
365 757 389 823 I.
419 781 449 843 p.
482 760 536 843 85)
566 758 801 826 similitudinem
832 759 940 846 templi
969 758 1111 825 habebat.
1157 757 1196 823 In
1227 775 1282 836 en,

179 891 319 934 morem
348 869 499 954 vulgarem
530 891 676 955 spernens
699 877 730 936 et
752 869 1022 956 praetereuntibus.
1041 869 1168 935 fortasse
1190 865 1286 932 insul·

180 988 288 1057 tans,
322 1001 389 1043 cum
418 978 609 1046 Archedemo
637 979 776 1046 consedit
798 979 984 1046 Alcibiades.
1030 979 1090 1046 Pro
1114 979 1192 1046 ἔπινε
1213 976 1282 1062 μέν,

181 1088 281 1174 qnod
313 1111 347 1154 ex
378 1090 552 1156 coniectura
582 1092 718 1177 positum
750 1098 812 1170 est,
843 1090 1002 1156 Palatinus
1032 1089 1125 1156 habet
1154 1089 1197 1157 ἔτι
1218 1088 1283 1170 μέν.
1379 1075 1380 1082 ¹

180 1201 240 1266 Ex
268 1223 330 1286 quo
346 1223 407 1267 non
432 1201 511 1268 ἔπινε
533 1201 604 1282 μέν,
629 1202 683 1268 sed
706 1201 885 1290 simpliciter
908 1202 1001 1269 ἔπινεν
1023 1202 1140 1288 (crebra
1153 1221 1285 1266 commu-

182 1313 316 1376 tatione
340 1312 510 1378 litterarum
537 1325 572 1380 M
600 1321 631 1379 et
658 1324 688 1380 N
716 1316 907 1401 corruptum)
930 1312 1141 1399 reponendum
1165 1333 1283 1378 censeo.

182 1423 261 1492 Μέν
277 1425 374 1504 enim,
394 1425 543 1511 oppositis
561 1431 676 1492 πολλῶν
697 1427 818 1507 ὁρώντων
834 1425 912 1492 ἔπινε
933 1431 963 1490 et
982 1423 1114 1506 ἐκώμαζε
1132 1423 1197 1504 μεθ’
1216 1421 1285 1502 ἦμέ-

182 1559 266 1618 poco,
295 1535 354 1599 alio
383 1535 561 1622 ponendum
591 1545 657 1602 erat
685 1536 763 1602 loco.
809 1534 1035 1601 Laurentianus
1065 1557 1101 1600 ex
1124 1533 1285 1599 manifesta

182 1645 382 1712 correctione
404 1645 497 1712 habet
512 1647 644 1733 (omissis
668 1646 710 1714 ἔτι
732 1647 815 1734 ald:
839 1648 1026 1719 scandere
1050 1645 1104 1710 ὑπὸ
1126 1648 1166 1728 τῷ
1189 1645 1284 1727 αὐτῷ

182 1759 214 1824 οἱ
226 1756 371 1834 κη’μιιτι
393 1757 602 1837 κατακείμενος
625 1760 683 1824 καὶ
706 1758 838 1841 ἐκώμαζε
860 1760 924 1838 μεθ’
949 1759 1068 1839 ἡμέραν.
1113 1756 1214 1841 Turpe
1238 1761 1283 1820 est

178 1865 338 1948 κωμάζειν
363 1869 427 1946 μεθ’
453 1868 578 1953 ἡμέραν,
612 1891 668 1935 neo
706 1869 771 1934 ulla
798 1871 897 1935 noctis
920 1868 1114 1956 oppositione
1135 1889 1211 1952 opus
1238 1871 1284 1930 est

179 1983 224 2042 ut
251 1975 346 2041 verba
367 2001 401 2056 μ.
425 1980 453 2053 ἦ.
478 1977 692 2045 defendantur.
724 1979 764 2044 In
786 1980 846 2046 fine
870 1979 1013 2047 sectionis
1036 2000 1092 2065 pro
1115 1975 1188 2054 δόξει
1210 1971 1284 2042 εἶναι

177 2087 404 2172 reponendum
433 2089 562 2154 sonasse
591 2087 696 2164 δόξειεν
726 2087 798 2157 εἶναι
829 2092 981 2157 restitutis
1011 2088 1124 2155 litteris
1154 2112 1183 2154 εν
1207 2109 1284 2172 quae

180 2204 267 2263 ante
291 2193 363 2264 sicar
382 2198 470 2264 facile
493 2205 663 2285 potuerunt
686 2200 834 2266 excidere.

235 2309 257 2393 b
282 2309 336 2373 26.
369 2309 461 2376 κιείννι
481 2309 560 2377 ποῖόν
581 2333 647 2375 νινε
668 2311 727 2392 χρὴ
746 2312 862 2397 [αὐτὸν]
888 2310 941 2394 ὑφ’
961 2311 1038 2390 ὑμῶν
1054 2308 1214 2391 νομίζεσθαι
1233 2301 1286 2393 [sb
1319 2356 1321 2360 .

178 2420 272 2504 ννει],
291 2417 367 2491 δἐι-ις
384 2419 503 2501 κάκείνῳ
519 2420 631 2486 verace)
644 2405 815 2497 icrrddsdsa
826 2420 1010 2502 διεβέβλητο.
1042 2419 1122 2484 Mihi
1134 2419 1184 2483 hic
1196 2418 1282 2482 locus

178 2528 288 2597 nimis
313 2528 458 2593 verbosus
491 2551 555 2594 esse
583 2530 723 2610 videtur,
754 2553 845 2616 quarn
875 2540 910 2597 nt
939 2533 982 2598 sic
1010 2531 1048 2596 ab
1071 2537 1191 2595 oratore
1214 2549 1284 2592 cum

179 2639 366 2729 proiectum
384 2645 505 2724 putem,
527 2640 578 2704 cui
597 2641 673 2706 vitio
695 2643 821 2707 remotis
838 2643 937 2707 verbis
957 2641 1092 2707 inductis
1114 2639 1282 2706 medebere.

237 2749 318 2827 Res,
341 2748 379 2814 de
402 2771 462 2834 qua
484 2749 541 2818 hac
565 2752 699 2817 sectione
723 2753 825 2839 agitur
847 2753 970 2819 silentio
994 2753 1208 2818 historicorum
1232 2749 1283 2814 ad·

179 2861 322 2929 modum
351 2859 481 2924 obscura
514 2868 570 2926 est.
616 2860 739 2929 Nomen
766 2863 936 2930 Ornesrum
958 2864 1087 2942 faceret,
1112 2870 1150 2928 ut
1171 2861 1284 2946 cogita-
1343 2931 1346 2936 ,

179 2995 298 3041 remus
328 2971 366 3037 de
392 2972 432 3036 iis
454 2972 662 3059 temporibus,
688 2974 799 3060 quibus
823 2974 861 3039 de
884 2974 1058 3060 principatu
1079 2974 1113 3038 in
1135 2970 1283 3058 Argolide

181 3084 352 3152 certabant
381 3083 616 3148 Lacedaemonii
649 3092 680 3150 ct
710 3085 931 3163 Athenienses,
955 3083 1042 3148 alteri
1066 3083 1283 3168 optimatibus,

182 3193 287 3262 alteri
308 3194 449 3281 populari
473 3195 605 3262 factione
627 3197 710 3276 nixi,
735 3220 815 3261 anno
840 3198 903 3262 417
929 3203 961 3260 et
976 3195 1125 3281 sequenti.
1149 3195 1210 3259 ‘ch
1231 3216 1285 3280 po·

185 3305 324 3372 steriorc
347 3305 466 3372 Orneae
488 3307 629 3388 dirutae,
653 3331 753 3394 neque
776 3309 842 3374 eius
864 3308 971 3396 oppidi
989 3307 1141 3399 postea-in
1156 3305 1285 3371 historia

184 3415 273 3484 belli
295 3415 547 3503 Peloponnesiaci
569 3421 685 3484 mentio
708 3419 855 3484 iniicitur.
895 3419 942 3484 cf.
966 3419 1063 3483 Thus.
1080 3417 1137 3482 VI.
1162 3420 1192 3484 7.
1217 3419 1246 3482 8.
1260 3415 1285 3503 1)

187 3525 350 3592 Orneatae
379 3528 413 3593 in
443 3552 547 3615 pugna
570 3517 777 3595 Mantineensi
805 3553 832 3596 a.
864 3533 926 3596 417
960 3529 1083 3594 stabant
1106 3551 1122 3592 a
1145 3527 1284 3614 partibus

186 3636 382 3721 Argivorum
405 3644 436 3702 et
458 3625 710 3719 Atheniensium,
735 3663 786 3706 eos
809 3641 841 3706 in
865 3641 1080 3718 conversione,
1098 3662 1176 3724 quae
1190 3638 1283 3724 paulo

186 3753 267 3836 post
290 3749 369 3812 faeta
392 3755 455 3829 est,
479 3771 550 3814 cum
573 3751 696 3836 Argivis
720 3752 837 3817 animos
861 3751 900 3815 ad
923 3751 1086 3837 Spartanos
1102 3750 1282 3828 inclinasse,

187 3859 253 3926 etsi
275 3859 469 3946 Thucydides
492 3883 556 3926 non
582 3861 695 3926 diserte
717 3869 885 3943 memorat,
913 3860 1071 3948 probabile
1094 3867 1197 3926 tamen
1220 3867 1281 3939 est,

189 3970 279 4057 quod
310 3995 370 4058 pax
400 3980 430 4036 et
461 3973 591 4038 societas
621 3973 716 4039 initae
739 3981 813 4039 sunt
836 3974 873 4040 ab
897 3973 1018 4060 Argivis
1043 3980 1073 4038 et
1097 3973 1197 4038 sociis.
1236 3971 1282 4038 Of.

190 4081 294 4148 Thuc.
310 4081 349 4147 V.
376 4085 414 4150 77
440 4091 471 4150 et
496 4086 547 4150 79.
594 4083 653 4149 Sed
681 4109 717 4151 ea
743 4085 871 4151 societas
894 4085 1078 4170 Argivorum
1102 4106 1171 4148 cunr
1195 4082 1284 4169 Spar·

194 4195 279 4258 tanis
301 4217 364 4261 non
383 4196 500 4262 stabilis
516 4197 576 4262 fuit
590 4199 730 4284 populari
745 4221 851 4264 rursus
866 4198 998 4263 faotione
1013 4217 1116 4261 rerum
1132 4195 1281 4280 potiente.

199 4347 393 4362 m

236 4433 260 4494 1)
277 4429 342 4484 Urbs
359 4438 464 4500 tempore
481 4435 537 4486 belli
555 4437 684 4488 Phocensis
700 4440 751 4488 arat
764 4436 883 4488 restituta.
902 4437 935 4486 Oi
944 4435 1013 4486 Diod.
1026 4434 1073 4485 Sic.
1085 4434 1149 4485 XVI.
1161 4433 1193 4483 34
1205 4434 1229 4482 et
1242 4432 1280 4484 39.
1379 4407 1381 4410 i
