3074 5210
674 447 735 508 145

195 644 212 726 q
237 645 266 707 6.
314 639 395 714 οὗτοι
427 643 456 708 δὲ
483 649 592 722 πρῶτον
621 644 674 720 μὲν
698 642 791 725 ἄρξας
814 647 842 709 ίν
865 643 995 725 Ὠρωπῷ
1019 644 1084 710 οὔτε
1108 645 1251 724 προῦδωκε

147 752 201 818 nal
226 753 326 831 ἐτέρων
351 757 501 819 πολιτείαν
524 756 707 832 aestruere,
728 776 783 839 pro
807 755 863 820 οὔθ’
886 755 985 836 ἑτέρων
1008 771 1106 822 ποίιιτ.
1146 753 1178 819 si
1202 754 1252 818 vel

149 863 284 926 maxime
314 864 367 928 ιιιιί
395 873 466 949 post
497 863 563 930 οὔτε
595 866 683 948 sequi
714 873 817 950 posset
848 863 944 948 (quod
974 869 1067 948 nego)
1101 865 1253 930 sententia

147 981 256 1036 tamen
272 981 367 1036 esset:
386 995 499 1057 „neque
516 972 653 1058 prodidit
668 980 696 1038 et
712 995 823 1038 novam
839 973 976 1038 instituit
992 975 1212 1059 rempublicam
1222 974 1253 1054 ,'’

150 1103 232 1165 quae
257 1105 275 1144 a
298 1082 365 1146 loco
390 1083 490 1148 aliena
513 1091 601 1148 esset.
649 1084 696 1148 Do
720 1106 753 1148 re
776 1083 814 1148 el.
839 1082 938 1148 'Ihuu
956 1082 1048 1148 VIII.
1075 1087 1126 1149 60.

198 1193 223 1256 οἱ
254 1193 279 1255 δ’
298 1195 356 1274 οὐχ
384 1195 540 1270 ὑπέμειναν
564 1217 619 1281 pro
644 1195 733 1272 ὑπίμ.
758 1198 810 1270 τὴν
834 1195 932 1274 κρίσιν.
981 1197 1166 1261 Accusativo
1190 1219 1252 1262 non

150 1299 261 1365 addito
285 1302 371 1368 loom
396 1305 560 1389 ambiguus
585 1313 640 1370 est.

200 1413 213 1476 ί
236 1412 262 1476 δ’
285 1415 442 1492 ἡγούμενοι
464 1415 553 1492 μηδὲν
576 1415 735 1492 aldenardam
760 1415 857 1490 diune
879 1416 1008 1480 δίδωσι.
1046 1415 1093 1480 Er
1109 1419 1266 1502 opposito·

151 1532 281 1606 apparet
304 1525 370 1603 hio,
395 1525 652 1609 quemadmodum
670 1528 687 1610 q
704 1529 764 1605 22,
781 1527 859 1600 δίκην
875 1527 899 1590 δ.
918 1549 982 1591 esse
999 1549 1122 1591 eausam
1140 1531 1256 1612 dr'eeep·

150 1635 276 1697 tandem
297 1638 409 1700 ι’νιιίοόιο
427 1643 613 1720 permittere,
634 1637 717 1720 quod
735 1636 808 1701 alibi
828 1645 876 1700 est
891 1637 972 1708 δοιὰς
991 1638 1016 1703 δ.
1048 1636 1096 1700 Ol.
1114 1637 1255 1701 Bromius

153 1744 196 1808 ad
225 1745 335 1811 Aesoh.
367 1744 435 1810 adv.
466 1745 604 1832 ctesiph.
633 1749 706 1810 124.
753 1745 900 1810 Fueritne
923 1746 1087 1810 damnatus
1111 1769 1150 1810 an
1171 1747 1257 1811 abso·

155 1860 243 1920 lutus
266 1879 329 1921 non
354 1857 451 1942 liquet
457 1884 467 1936 ;
492 1857 545 1922 sed
569 1857 655 1943 prins
679 1865 715 1921 nt
738 1857 897 1922 credamus
921 1857 1039 1922 iaciunt
1062 1857 1154 1922 verbe
1177 1879 1257 1941 quae

157 1968 488 2064 sequunturkquibus
512 1969 550 2033 de
574 1968 739 2053 iniquitate
763 1967 948 2032 iudiciorum
972 1969 1120 2052 queritur.

203 2079 253 2142 ιιιιί
284 2080 385 2157 ὁμοίως
407 2082 464 2151 τὰς
487 2083 664 2158 κατηγορίας
684 2085 829 2144 ποιοῦντοιι
848 2085 905 2144 τῶν
931 2080 959 2142 τ’
982 2077 1116 2143 είπίντων
1135 2081 1254 2158 γνώμην

153 2189 238 2253 τινὰ
261 2191 289 2252 ἐν
311 2199 350 2269 τῇ
372 2189 467 2271 βουλῇ
491 2191 540 2253 xxi
564 2196 620 2253 τῶν
642 2191 694 2267 μή.
741 2187 951 2252 Contunditur
980 2189 1031 2253 hio
1054 2189 1185 2253 alterum
1209 2191 1256 2255 iu·

155 2300 293 2377 dicium,
326 2297 409 2382 quod
440 2300 574 2383 pertinet
596 2298 633 2362 ad
657 2299 822 2383 imperium
846 2297 1158 2383 quadringentorum,
1184 2321 1253 2364 oum

155 2411 258 2494 primo
279 2410 317 2474 de
334 2408 431 2495 Oropi
447 2409 638 2494 proditione,
661 2431 739 2494 quae
755 2417 827 2472 ante
842 2409 1084 2493 quadringentos
1101 2409 1181 2474 laeta
1197 2421 1253 2474 est.

156 2518 234 2585 Τινοί
264 2520 388 2584 Dobreo
416 2521 478 2584 iam
509 2525 689 2604 suspectum
719 2519 795 2596 luit3
826 2519 957 2582 coniecit
981 2520 1098 2595 γνώμην
1121 2520 1188 2584 τινὰ
1212 2522 1255 2597 μὴ

157 2631 334 2706 ἐπιτηδείων.
370 2628 491 2693 Minore
516 2651 585 2693 eum
609 2630 780 2693 mutatione
796 2651 851 2713 pro
867 2629 933 2694 τινοί
948 2631 976 2692 ἕν
993 2630 1090 2714 possis
1108 2631 1251 2695 ἐνωντίων.

158 2743 206 2807 of.
238 2742 320 2827 quod
344 2741 438 2826 paulo
460 2748 530 2825 post
554 2741 693 2825 sequitur
715 2748 770 2805 τῶν
793 2741 852 2820 γὰρ
875 2740 1021 2818 λεγόντων
1044 2741 1163 2806 ἐνιοντίοι
1187 2742 1258 2806 ἐκεί·

157 2878 222 2925 νοις.
269 2852 330 2918 Sed
360 2851 398 2915 de
425 2853 464 2915 iis
488 2874 566 2935 quus
589 2851 745 2937 portinent
769 2851 804 2915 ad
831 2873 956 2929 causas,
982 2851 1095 2935 quibus
1120 2851 1254 2935 implica·

159 2971 210 3026 tur
235 2962 296 3026 luit
319 2961 530 3046 Polystratus,
556 2961 649 3046 paulo
673 2968 743 3045 post
767 2983 902 3044 agemus.

204 3076 221 3158 q
245 3076 275 3137 8.
322 3073 355 3137 τὸ
379 3071 437 3142 δέος
461 3070 510 3134 nul
535 3073 555 3160 ί,
571 3072 666 3150 φόβος
689 3077 744 3136 τῶν
769 3069 947 3136 πεπονθότων
962 3070 1112 3148 ἀπέτρεπε
1128 3070 1255 3142 ποίντως.

160 3184 243 3248 Male
267 3184 310 3247 sio
333 3205 389 3268 pro
412 3183 425 3247 ὁ
449 3181 545 3265 Φόβος
568 3177 604 3246 ὧν
627 3183 651 3247 οἱ
675 3182 762 3246 ἄλλοι
787 3181 957 3254 πεπονίίτες
982 3179 1064 3257 doxa.
1102 3179 1195 3258 Quod
1212 3203 1259 3243 ve·

160 3316 227 3359 reor
249 3316 289 3358 ne
313 3294 426 3356 frustra
449 3290 610 3356 emendare
634 3314 789 3356 conemur.

206 3406 222 3489 p
245 3407 275 3467 9.
323 3402 439 3474 τούτους
469 3400 511 3466 ἂν
541 3403 779 3466 κοιίίπτοιντο.
826 3400 912 3465 Dure
935 3401 1053 3465 dictum
1077 3422 1132 3485 pro
1155 3399 1260 3480 ἄρχοι-

161 3539 216 3587 τοις
239 3515 424 3579 ιιοιίίτποιντο.
472 3509 532 3574 Sed
559 3511 687 3574 fortasse
710 3510 876 3595 legendum
899 3510 1158 3593 οίντικοιίίστιοντο,
1183 3511 1258 3574 nim.

161 3626 194 3689 in
217 3626 300 3690 locos
322 3622 555 3687 interfeotorum
579 3620 617 3684 de
641 3621 755 3705 quibus
779 3621 1025 3706 supradixerat.

207 3739 223 3820 q
250 3739 300 3800 10.
348 3733 397 3798 nol
429 3733 457 3796 ἐν
488 3732 542 3809 μὲν
573 3731 774 3809 ἑβδοιινίκοντοι
805 3732 895 3797 ἔτεσιν
928 3732 1004 3798 οὐδὲν
1033 3729 1194 3810 ἕξιίμωρτεν
1221 3731 1260 3800 είς

164 3849 256 3925 ὑμᾶς,
289 3848 318 3910 ἐν
350 3843 423 3908 dard
453 3841 477 3907 δ’
509 3841 639 3920 ἡμέροις.
686 3839 821 3924 Quoquo
852 3849 883 3905 te
912 3839 1144 3926 interpretando
1168 3841 1260 3903 vertis

164 3963 270 4041 arguta
293 3962 341 4018 ost
362 3949 535 4036 oppositio,
560 3971 639 4034 quae
663 3957 765 4014 tamen
790 3951 882 4014 etiam
905 3951 1009 4014 minus
1032 3950 1133 4034 placet
1156 3949 1183 4013 si
1207 3973 1261 4035 per

163 4065 433 4150 interrogationem
458 4062 606 4145 accipias3
635 4062 678 4124 sio
702 4061 784 4125 onim
808 4061 883 4126 haeo
905 4063 1011 4145 inepta
1035 4061 1187 4125 sententia
1210 4082 1259 4124 ex·

166 4179 301 4242 sisteret:
328 4172 449 4237 'credine
473 4176 576 4254 potest
599 4193 785 4255 quemquam
801 4193 856 4257 per
871 4171 1068 4256 septuaginta
1088 4191 1183 4233 annos
1199 4192 1261 4233 non

93 4311 110 4340 ο
166 4287 347 4372 deliquisse,
378 4282 431 4347 sed
463 4287 534 4343 ooto
565 4279 698 4344 diebus?
743 4279 900 4344 Nimirum
934 4288 970 4344 ut
1001 4281 1072 4344 novi
1100 4279 1262 4362 regiminis

167 4394 359 4482 aliquamdiu
383 4391 484 4456 socius
508 4390 548 4452 sit
571 4386 678 4488 potest
697 4390 729 4453 in
752 4390 920 4454 maximum
944 4396 1022 4454 natu
1046 4389 1171 4466 eadero;
1190 4391 1262 4453 etsi

1037 4532 1044 4546 ·
1105 4506 1143 4560 lt)
