3126 5210
672 469 735 533 217

156 667 289 730 deorum
321 665 440 748 aliquid
470 687 613 730 novaram
637 675 668 730 et
692 668 819 731 fortasse
843 666 881 730 de
906 666 1076 730 honoribus
1102 666 1249 729 maiorum

148 777 298 840 instituto
314 776 427 840 debitis
442 776 632 842 detraherem
640 803 648 855 ;
666 800 748 841 nunc
765 784 867 842 vetera
885 786 915 842 et
932 799 990 840 usu
1008 777 1136 860 probata
1152 782 1250 839 tueor·

151 885 272 948 Acerbe
304 886 378 950 haec
410 887 441 950 in
475 887 682 952 adversarium
711 887 821 950 ooniioi
846 886 942 950 videri
968 892 1110 970 possent,
1135 884 1160 947 si
1184 885 1249 968 ipse

152 994 197 1059 N.
227 995 266 1060 de
289 997 454 1078 ύνοινροοφῇ
478 997 622 1075 tulisset,
647 997 700 1061 sed
724 997 757 1060 id
780 1019 849 1061 oum
874 1019 962 1060 secus
985 997 1041 1072 sit,
1064 994 1143 1058 nihil
1167 994 1252 1058 adiu·

153 1114 231 1169 vent
254 1108 437 1171 sententiam
460 1107 552 1172 verba
574 1107 628 1171 illa
651 1108 714 1186 περὶ
738 1115 790 1182 τῆς
813 1109 1004 1188 οἱνοογοοοφῆς.
1038 1103 1178 1170 Turhant
1201 1127 1253 1189 po·

154 1217 220 1280 tius
244 1217 433 1282 intellectum
458 1225 489 1282 et
514 1218 624 1282 melius
649 1217 800 1282 abessent.

202 1327 219 1409 d
245 1327 295 1388 le.
343 1325 418 1410 Leg.
442 1336 495 1402 τῆς
521 1326 617 1408 τύχης
640 1331 672 1406 γ’
694 1326 789 1393 ἕνεκα.

202 1436 219 1518 d
247 1438 295 1498 19.
342 1435 463 1500 Iniuria
487 1444 664 1523 suspectum
687 1437 821 1521 Berghio
841 1437 995 1503 instratu
1012 1435 1076 1499 his:
1097 1433 1169 1511 οέἔοῶ
1181 1440 1252 1513 πρῶ-

154 1567 205 1606 τον
237 1544 291 1621 μὲν
319 1549 402 1612 κοντοὶ
432 1550 473 1613 τοὶ
504 1548 614 1628 edna
637 1549 727 1622 ύύενν,
754 1547 843 1614 ἔπειθ’
867 1545 888 1612 ἃ
913 1551 1030 1625 μᾶλλον
1052 1546 1193 1628 συμφέρει
1216 1555 1253 1625 πη

155 1652 262 1729 πόλει,
287 1655 329 1720 im
352 1655 376 1720 δ’
400 1655 421 1722 οἳ
445 1658 458 1722 ὅ
481 1658 569 1736 δῆμος
592 1661 764 1740 ἐψηφίσατο
787 1659 836 1723 κού
862 1658 1040 1736 torretorre
1063 1657 1199 1722 lacuaria
1222 1657 1254 1719 ἐκ

154 1768 212 1828 πῶν
247 1767 415 1844 ποοςνύνπυν
437 1768 611 1848 χρημύτυν.
658 1769 730 1834 Non
755 1769 815 1833 tria
838 1791 949 1853 genera
971 1767 1189 1831 sacrificiorum
1211 1787 1255 1830 re·

156 1884 340 1956 censentur,
365 1879 419 1942 sed
443 1887 506 1944 tres
529 1901 656 1958 causae,
682 1903 776 1965 quare
800 1881 899 1964 patria
923 1879 1067 1942 instituta
1082 1882 1254 1962 praestent3

161 1986 292 2051 colenda
322 2010 407 2052 sacra
430 2013 446 2052 a
470 2013 502 2054 se
526 1990 737 2055 commendata
761 1990 837 2054 dicit
859 1990 993 2074 primum
1016 1987 1099 2072 quod
1122 2009 1141 2050 a
1164 1984 1256 2069 patri-

159 2097 218 2160 bus
242 2097 356 2160 tradita
380 2098 459 2177 sint,
485 2107 552 2164 tum
573 2101 645 2184 quia
660 2102 757 2185 magis
774 2100 884 2178 utilia,
901 2099 1034 2182 denique
1051 2095 1133 2181 quod
1150 2094 1255 2158 eadem

159 2229 178 2268 a
193 2207 308 2290 populo
325 2209 504 2273 confirmata
520 2210 582 2273 sint
602 2233 658 2274 neo
674 2211 753 2274 vires
770 2210 903 2274 civitatis
920 2214 1073 2293 superent.
1098 2207 1256 2270 Postrema

158 2316 314 2402 pertinent
345 2318 384 2381 ad
415 2321 601 2399 συγγραφάς
626 2321 655 2404 (p
675 2321 747 2403 21),
773 2320 886 2404 quibus
909 2318 947 2382 de
969 2319 1087 2382 ratione
1111 2323 1142 2380 et
1164 2314 1255 2378 modo

158 2429 191 2492 in
215 2428 322 2512 patriis
346 2429 440 2491 sacris
465 2429 654 2493 observando
679 2431 902 2514 praescriptum
925 2437 1000 2494 erat.
1038 2427 1099 2492 Sed
1119 2426 1255 2490 δυποονοῖν

157 2559 220 2602 non
250 2545 331 2602 recte
364 2561 396 2602 se
426 2538 537 2616 habet,
566 2539 734 2604 nonenim
758 2539 908 2606 ἐδκπύνυν
932 2539 988 2610 τοὶς
1012 2538 1112 2609 declar
1137 2536 1191 2600 sed
1214 2534 1254 2606 εἰς

157 2649 213 2718 τὰς
244 2649 354 2720 doctae.
398 2648 446 2712 Ab
481 2649 646 2733 interprete
677 2649 831 2715 adiectum
862 2629 1002 2728 videtur,
1030 2649 1084 2732 qui
1112 2647 1255 2730 supplere

158 2757 274 2821 scilicet
304 2757 380 2821 haec
410 2759 596 2837 conabatur,
628 2783 707 2845 quae
738 2760 826 2825 nullo
854 2760 1071 2845 supplemento
1098 2757 1238 2842 indigent
1245 2782 1254 2833 ;

158 2866 197 2930 ad
227 2864 248 2932 ἃ
278 2869 291 2933 ὃ
316 2868 403 2945 δῆμον
427 2870 598 2950 ἐψηφίσαντο
622 2869 673 2935 nal
696 2871 875 2948 δυνησόμεθα
897 2871 951 2936 ἐκ..
964 2897 992 2935 π.
1018 2893 1065 2948 πρ.
1097 2892 1147 2948 χο.
1176 2868 1257 2951 cogi·

158 2977 276 3041 tatione
299 2978 550 3062 τορο1ἰ1υτύύεον.
599 2979 721 3064 Inspice
745 2980 903 3065 superiora
926 2978 999 3054 οὶξνῶ
1022 3016 1067 3028 -
1090 2978 1172 3042 ύύενν.
1206 2976 1256 3040 Ad

158 3109 221 3150 rem
247 3094 409 3152 tractatam
434 3087 648 3153 illustrandam
672 3111 782 3174 operae
804 3089 938 3173 pretium
960 3088 1018 3151 erit
1040 3087 1177 3151 conferre
1193 3086 1258 3149 Iso·

158 3204 272 3262 cratem
298 3199 326 3262 7.
353 3199 413 3275 29,
438 3199 492 3262 30.

201 3307 295 3391 122.
343 3307 421 3379 εἰδὼς
445 3307 470 3371 θ’
494 3305 537 3372 ύπν
568 3307 704 3383 ηβουλη
729 3307 953 3384 ἠβουλεύουοοο.
987 3307 1139 3370 Sluiterus
1162 3305 1260 3369 Lectt.

158 3415 238 3480 And.
270 3440 299 3501 p.
326 3419 391 3482 276
417 3417 623 3482 coniecturam
648 3439 735 3481 suam
758 3420 774 3490 οἱ
797 3419 842 3482 olel
861 3417 1058 3494 βουλεύουσα,
1083 3415 1260 3500 quaemihi

156 3547 226 3588 vera
248 3525 389 3603 videtur,
415 3527 503 3590 docte
527 3527 717 3603 illustravit,
742 3533 789 3589 est
811 3533 961 3603 „senatus
986 3525 1057 3603 ille,
1082 3525 1137 3609 qui
1157 3525 1260 3608 singu·

155 3633 216 3711 „lis
249 3636 336 3698 annis
375 3635 433 3699 hoc
464 3657 592 3700 munere
626 3635 799 3719 fungitur.”
845 3633 918 3699 Non
950 3641 1072 3719 oportet
1097 3634 1261 3718 quotannis

158 3742 259 3806 denuo
283 3765 388 3808 recens
414 3745 612 3829 designatum
639 3752 781 3809 senatum
806 3746 949 3809 incusare
965 3745 1025 3828 (οὶεύ
1039 3772 1082 3806 ·.-.
1100 3744 1261 3826 ἑκύοποπε).

158 3854 251 3926 Βουλη
284 3861 330 3917 est
364 3864 485 3920 senatus
510 3856 605 3920 unius
631 3857 713 3920 anni.
760 3855 810 3919 Ita
834 3858 886 3919 24.
913 3858 954 3918 26
980 3857 1011 3920 οἱ
1035 3857 1129 3920 ἄλλον
1152 3854 1263 3932 βουλού

160 3962 350 4048 reliquorum
374 3987 524 4029 annorum
534 3991 544 4043 3
569 3969 586 4040 ἡ
610 3964 734 4046 προτέρου
754 3965 789 4042 β.
815 3965 981 4049 superioris
1005 3966 1095 4043 anni,
1121 3967 1174 4028 22.
1199 3967 1229 4026 9.

210 4072 227 4156 ᾧ
251 4075 303 4136 23.
342 4072 440 4138 Verba
463 4075 631 4155 προςέχουον
650 4075 700 4139 πον
715 4081 777 4140 νοῦν
800 4111 845 4123 -
865 4074 882 4150 ἢ
902 4076 993 4138 πλείω
1017 4074 1148 4151 ἠδίκηκεν
1167 4056 1262 4157 (2241)

166 4183 250 4267 quod
273 4185 455 4248 conveniant
479 4206 548 4248 oum
571 4183 730 4269 Epicrates
751 4185 768 4269 p
792 4187 829 4261 5,
855 4191 885 4247 et
909 4185 1028 4248 mentio
1044 4193 1155 4259 κλοπῆς
1170 4183 1261 4246 nimis

166 4292 207 4357 sit
238 4293 385 4376 abrupta,
419 4293 559 4358 Dobreus
590 4293 662 4358 inde
693 4292 754 4356 huc
777 4292 864 4357 illata
887 4295 1074 4378 suspicatur.
1098 4293 1157 4358 Sed
1183 4315 1260 4376 quae

166 4404 387 4489 relinquuntur
409 4403 453 4467 ita
476 4405 602 4470 minime
625 4403 806 4481 cohaerent,
832 4405 935 4488 potius
959 4427 1058 4490 usque
1081 4404 1120 4468 ad
1136 4401 1261 4481 λυμβύ-
