3128 5208
711 473 752 538 55

168 669 218 735 dit
242 671 413 738 Soheibius
436 695 492 759 pro
516 675 646 740 lectione
661 674 727 740 Pal.
744 673 815 742 αλλ’
832 677 899 754 ὑμῖν
916 682 947 740 et
960 675 1156 748 ἀκούσαντας.
1180 676 1274 741 Recte

166 781 335 869 Sauppius
365 787 474 850 statuit
504 807 619 851 novum
647 787 761 851 crimen
785 788 818 850 in
841 809 872 851 se
896 807 978 851 nuno
1002 787 1134 872 primum
1157 788 1274 852 coniec-

167 901 237 957 tum
274 919 344 960 esse
372 918 458 960 reum
482 897 635 982 conqueri.
683 898 743 962 Sed
767 898 850 982 quod
873 919 951 964 ιιιιιιο
969 904 1105 983 primum
1128 897 1273 962 audiebat

164 1005 293 1070 crimen
318 1009 419 1072 omitti
443 1029 504 1072 non
528 1008 646 1074 debuit.
693 1008 773 1073 Tum
797 1011 888 1074 etiam
911 1010 991 1074 illud
1007 1008 1066 1086 llari
1083 1031 1193 1074 sanum
1208 1031 1270 1073 non

164 1116 316 1197 videtur,
341 1141 412 1184 oum
436 1139 499 1204 quo
522 1120 606 1184 aliud
629 1121 824 1206 participium
845 1122 1004 1195 iunctum,
1022 1127 1075 1185 aut
1090 1127 1171 1185 certe
1187 1119 1270 1184 aliud

163 1234 300 1314 tempus
333 1231 486 1316 participii
517 1241 673 1317 expectes,
706 1232 803 1296 veluti
830 1233 1055 1316 μεμελετηκώς,
1088 1255 1270 1312 παρεσκευα-

162 1339 298 1424 σμένος,
332 1341 597 1420 ἀπολογησόμενος.
645 1341 746 1406 Locus
780 1343 862 1407 lacer
896 1349 958 1420 ast,
991 1351 1021 1407 et
1045 1365 1080 1406 ea
1103 1343 1269 1422 sententia,

163 1472 266 1533 quam
300 1474 368 1516 vere
400 1452 548 1516 divinavit
579 1451 751 1540 Sauppius,
784 1476 821 1518 ex
843 1453 943 1518 verbis
966 1454 1045 1518 male
1069 1452 1183 1517 habitis
1206 1475 1268 1518 non

161 1561 250 1626 clare
280 1563 424 1648 pellucet.
457 1561 635 1648 Ampleetor
654 1565 738 1648 quod
761 1587 866 1650 margo
889 1564 1038 1650 Stephani
1062 1565 1170 1629 habet:
1196 1565 1269 1643 „de-

163 1681 213 1736 est
253 1674 399 1760 (aliquid)
431 1680 501 1760 post
532 1674 591 1750 ἥκει
623 1681 653 1739 et
684 1697 789 1740 rursus
820 1684 891 1760 post
921 1674 1101 1756 πράγματος
1110 1675 1140 1752 ;''
1163 1699 1268 1761 quarn·

163 1809 266 1870 quam
298 1809 359 1870 qua
388 1787 570 1852 auctoritate
607 1786 687 1851 illud
717 1787 828 1851 referat
858 1787 979 1864 neseio,
1011 1808 1083 1850 nam
1106 1785 1266 1851 Palatinus

161 1898 258 1962 nulla
293 1898 431 1963 delectus
463 1898 578 1962 indicia
601 1898 712 1964 habere
736 1898 866 1963 videtum
913 1897 951 1962 In
982 1898 1050 1962 loco
1079 1907 1179 1962 tamen
1205 1905 1267 1962 tur-

162 2009 242 2074 bato
285 2009 403 2094 aliquid
439 2010 607 2095 periclitari
646 2009 838 2076 concedetur.
886 2007 1041 2073 Ooniioio:
1081 2008 1131 2072 καὶ
1156 2009 1200 2073 δεῖ
1226 2035 1265 2087 με

160 2120 228 2201 περὶ
267 2116 303 2185 ὧν
333 2117 414 2193 οὗτοι·
445 2121 696 2198 ἐπιβεβουλευκὼς
731 2123 807 2196 εἰκῆ
842 2117 985 2196 dread,
1021 2116 1075 2196 ἅμ’
1108 2119 1175 2197 ὑμῖν
1205 2129 1264 2193 τοῖς

160 2229 408 2310 διαγνωσομένοις
443 2232 506 2311 περὶ
547 2237 598 2298 τοῦ
637 2233 816 2315 πράγματος
855 2237 913 2297 νῦν
951 2237 1085 2312 πρῶτον
1122 2231 1264 2296 ακούσαν-

159 2366 223 2418 τα,
273 2344 335 2422 περὶ
375 2352 427 2418 τῆς
467 2341 603 2424 carptim
643 2344 692 2409 nul
731 2344 794 2424 rapi
829 2353 881 2419 τῆς
916 2344 1014 2415 οὐσίας
1052 2342 1262 2420 ἀγωνίσασθαι.

162 2452 253 2518 Reus
282 2455 328 2518 ita
358 2475 389 2517 se
421 2454 585 2519 candidum
616 2463 647 2520 et
676 2456 870 2520 innocentem
900 2455 1006 2540 fingit,
1031 2463 1067 2518 ut
1091 2475 1152 2538 quo
1176 2476 1264 2538 argu-

161 2571 273 2629 mento
296 2565 433 2642 crimen,
463 2565 546 2650 quod
569 2589 652 2631 nune
675 2566 829 2632 obiectum
852 2567 913 2651 ipsi
936 2565 994 2643 sit,
1019 2565 1169 2629 niteretur
1192 2573 1262 2632 ante

164 2675 320 2741 iudicium
343 2700 381 2742 ne
405 2679 580 2744 coniectura
603 2678 728 2764 quidem
745 2678 865 2764 assequi
880 2678 1024 2763 potuerit.
1062 2676 1124 2756 „lit
1140 2685 1262 2762 oportet

164 2802 215 2852 me
248 2788 287 2853 de
316 2788 372 2867 iis,
405 2807 482 2874 quae
509 2783 560 2853 bio
582 2791 660 2854 mihi
683 2789 847 2854 insidiatus
870 2795 984 2852 temere
1007 2788 1172 2866 confinxit,
1197 2811 1260 2852 nna

165 2899 342 2978 vobiscum,
367 2901 422 2986 qui
445 2920 567 2964 causam
590 2900 790 2986 disceptaturi
813 2897 905 2977 estis,
927 2891 1010 2964 nunc¹
1026 2899 1159 2983 primum
1175 2899 1262 2963 edoc·
1310 2929 1311 2932 ¹

166 3021 252 3090 tum,
285 3019 316 3077 et
347 3013 385 3077 de
417 3014 516 3099 patria
546 3021 577 3078 et
606 3013 644 3077 de
674 3013 763 3077 bonis
787 3010 1001 3076 contendere.'’
1038 3010 1124 3076 Inter
1146 3012 1207 3085 εἰκῆ
1230 3019 1261 3074 et

164 3120 221 3201 ἅμ’
243 3125 348 3209 potuit
371 3123 508 3188 excidere
531 3122 656 3202 ἕποντ’,
681 3123 769 3187 euius
792 3121 934 3186 vocabuli
957 3119 1077 3186 litterae
1100 3143 1162 3186 non
1179 3145 1261 3208 mag·

165 3249 278 3320 nupero
302 3234 448 3299 differunt
471 3257 489 3298 a
512 3233 673 3320 postremis
696 3233 861 3319 superioris
885 3239 915 3296 et
939 3231 1044 3316 primis
1068 3231 1258 3315 insequentis

165 3347 306 3411 vocabuli
332 3350 472 3431 (cHAM,
496 3351 662 3431 ΕΠΛΛΟ);
687 3353 765 3412 unte.
780 3345 950 3410 ακούσαντα
972 3351 1046 3407 nota
1069 3365 1130 3429 qua
1149 3348 1258 3423 πρῶτον

166 3459 371 3544 significatur,
397 3457 544 3551 excidisse
567 3457 698 3522 videtur.

210 3573 228 3655 b
252 3573 282 3634 6.
318 3571 359 3635 rui
382 3569 406 3634 δ’
424 3571 518 3648 awos
543 3571 597 3634 ὑπὸ
620 3575 676 3635 τῶν
697 3569 793 3651 φίλων
815 3567 995 3649 δικρταζετο.
1027 3567 1073 3630 De
1093 3589 1125 3630 re
1141 3573 1273 3650 praeter'

166 3703 200 3744 ea
230 3703 310 3766 quae
339 3680 376 3744 ab
408 3681 627 3766 interpretibus
658 3679 752 3744 allata
782 3688 856 3743 sunt
887 3679 925 3742 cl.
957 3681 1007 3742 14.
1033 3680 1101 3765 33:v
1124 3676 1174 3740 καὶ
1197 3679 1257 3759 γὰρ

166 3793 243 3868 ὑμᾶς
263 3792 432 3873 φεύγοντας
452 3793 548 3867 Φυλὴν
566 3791 755 3869 καταλαβεῖν
774 3791 823 3856 καὶ
843 3790 963 3871 δένδρα
981 3795 1103 3867 τεμεῖν
1123 3789 1257 3870 καὶπρὸς

164 3903 203 3968 τοι
222 3903 321 3984 ,τειχει
353 3905 547 3984 emeliorasti,
582 3911 613 3968 et
643 3903 737 3968 Isoer.
765 3905 816 3967 16.
843 3905 894 3966 13.
919 3941 963 3952 -
993 3902 1130 3987 Apparet
1152 3907 1255 3964 autem

164 4014 336 4079 liberiorem
366 4016 398 4078 h.
425 4016 446 4078 l.
479 4037 544 4079 esse
571 4015 846 4092 constructionem
876 4035 947 4077 nam
970 4023 1040 4098 post
1063 4010 1112 4075 καὶ
1136 4011 1254 4099 piatur

163 4131 277 4190 πολλῶν
307 4131 403 4190 κακῶν
434 4123 522 4197 αἴτιος
545 4125 704 4204 γεγένηται
727 4125 814 4208 sequi
837 4123 968 4188 debebat
989 4123 1039 4188 nui
1062 4128 1113 4187 τοῦ
1136 4123 1178 4188 τα
1200 4124 1254 4200 μὲν

163 4237 250 4318 ndito
267 4236 322 4301 riri
338 4247 376 4310 A.
394 4235 549 4315 τέμνεσθαι
565 4261 592 4302 κ.
606 4261 634 4302 τ.
648 4238 670 4302 ἑ.
677 4262 687 4314 3
704 4237 737 4299 in
757 4237 819 4320 quo
835 4242 937 4299 tamen
952 4234 1039 4299 nulla
1054 4242 1100 4298 'est
1116 4234 1251 4298 offensio.

163 4347 221 4412 Sed
244 4348 327 4434 quod
351 4348 408 4413 sub
431 4349 523 4415 finem
547 4369 630 4412 nunc
652 4349 713 4412 lere
736 4345 850 4432 legitur
872 4344 1023 4425 ἄτρακτον
1046 4369 1101 4431 pro
1121 4346 1252 4411 lectione

163 4459 294 4525 Palatini
317 4460 466 4541 ἴιτραοτον
490 4467 545 4526 aut
567 4458 697 4540 ἄπρατον
723 4480 785 4523 uon
809 4465 885 4544 puto
909 4458 947 4522 de
970 4480 1042 4544 agro
1067 4457 1127 4522 dici
1144 4480 1249 4544 posse,
