3128 5208
833 493 876 553 46

312 697 430 755 oratore
461 689 570 775 Lysiae
601 691 720 775 aequali
750 691 877 774 indigna
907 691 979 756 sint.
1026 691 1105 756 Vide
1128 693 1203 757 milri
1227 696 1328 760 statim
1353 697 1409 760 in-

211 797 216 822 ¹
311 803 425 866 sulsam
456 802 540 866 illam
572 803 829 867 enumerationem
861 805 1019 888 regionum
1050 807 1067 890 t
1097 808 1133 868 6:
1164 804 1266 870 ἔπειτα
1293 808 1322 871 δὲ
1345 808 1405 872 xxi

309 913 455 993 διώχληκε
484 916 583 986 πόλεις
609 915 724 987 πολλὰς
747 918 776 980 ἐι
797 925 835 997 τῇ
858 917 1024 999 ἀποδημίᾳ,
1058 917 1212 993 Σικελίαν,
1245 920 1380 984 Ἰτιιλίοιν
1391 969 1403 1001 ,

308 1026 538 1109 Πελοπόννησον,
563 1027 749 1104 Θεττιιλίιιι,
775 1028 1277 1112 ‘staturarum'1an'cv,r<v'rpov.
1316 1027 1406 1092 Con-

308 1145 369 1202 stat
401 1139 484 1209 πόλις
516 1138 553 1202 de
586 1138 689 1203 insula
718 1137 779 1202 dici
802 1138 898 1202 veluti
926 1140 1020 1203 Arist.
1045 1139 1115 1204 Pac.
1141 1143 1204 1204 aul
1215 1167 1224 1218 3
1248 1139 1300 1202 isti
1323 1154 1402 1203 raro

288 1251 406 1314 'simile
430 1249 619 1335 exemplum,
636 1248 689 1313 ubi
713 1249 829 1313 scilicet
852 1247 935 1322 πόλις
959 1251 1078 1316 dicatur
1097 1252 1135 1316 de
1151 1253 1290 1336 regione,
1314 1273 1401 1335 quae

307 1363 409 1448 plures
432 1361 499 1446 ipsa
521 1365 654 1426 civitatee
677 1359 905 1444 complectitur,
929 1353 1082 1445 nusquam
1105 1383 1144 1426 ue
1167 1361 1249 1446 apud
1271 1370 1398 1446 poetam

306 1471 429 1558 quidem
449 1472 617 1536 inventum.
653 1470 732 1534 Tum
753 1471 843 1534 etiam
864 1470 1006 1535 historica
1030 1471 1207 1536 difficultate
1230 1473 1305 1538 baec
1328 1495 1401 1557 pre·

305 1591 450 1661 muntur;
481 1605 551 1646 uam
576 1588 611 1647 ut
632 1582 709 1646 baec
732 1582 768 1646 ad
793 1585 952 1666 tepotrbccs
975 1583 1148 1667 pertineant
1171 1582 1209 1648 ab
1233 1583 1399 1647 Andocide

305 1703 375 1759 aute
399 1693 538 1758 exsilium
562 1671 717 1777 susceptus
738 1695 829 1776 (quse
852 1692 1030 1756 Ruhnkenii
1054 1696 1304 1779 sententiaerat)
1328 1717 1398 1758 ver·-

304 1806 378 1871 bum
401 1806 552 1882 ιὶττδιιμίιι
574 1827 636 1869 non
660 1805 827 1892 permittit3
851 1827 921 1868 uam
943 1811 998 1868 aut
1012 1805 1112 1891 ipsum
1129 1806 1289 1885 πρεσβείας
1305 1829 1398 1870 voca-

302 1917 411 1983 bulum
443 1923 508 1981 erat
537 1916 748 2002 usurpandum
771 1923 825 1980 aut
848 1915 933 1980 aliud
955 1915 1136 1981 invidiosius
1164 1941 1257 2002 quam
1283 1918 1396 1992 ιὶτιδιι-

301 2028 367 2107 μίιι.
415 2028 573 2093 Praeterea
596 2029 707 2092 mirum
729 2029 761 2092 iu
781 2051 830 2092 eas
854 2028 937 2112 ipsas
953 2030 1090 2112 regiones
1110 2029 1244 2113 legatum
1260 2031 1391 2094 missum

301 2141 394 2204 fuisse
423 2139 611 2206 Andocidem
622 2167 631 2218 3
663 2161 757 2226 quare
780 2140 1035 2225 Wyttenbachius
1069 2141 1188 2226 putavit
1215 2140 1392 2204 confudisse

300 2251 351 2315 blo
381 2259 534 2317 auctorem
566 2253 824 2337 peregrinationes
856 2261 887 2316 et
909 2251 1077 2336 legationes
1101 2251 1193 2336 (Bibl.
1223 2249 1299 2315 Orit.
1323 2250 1388 2314 ΙΠ.

301 2365 331 2426 3.
365 2386 393 2448 p.
428 2364 490 2447 78).
536 2362 660 2426 Scilicet
690 2363 722 2425 in
754 2360 906 2439 Siciliam,
938 2361 1079 2438 Italiam,
1112 2361 1172 2425 alio
1199 2363 1318 2447 legatus
1342 2370 1390 2426 est

298 2461 378 2557 (adv.
402 2474 470 2537 Alc.
494 2475 566 2556 41),
598 2473 630 2536 in
661 2472 796 2556 Cyprum
825 2479 895 2555 post
918 2471 1043 2535 exilium
1067 2473 1276 2557 peregrinatus
1300 2473 1384 2556 (inlr.
1440 2543 1444 2550 ⁴

298 2585 398 2669 bid,
432 2585 496 2669 28).
543 2583 603 2646 Sed
634 2584 723 2648 mitto
754 2582 833 2646 hano
856 2581 1084 2661 difficultatem,
1117 2605 1194 2668 quae
1224 2584 1299 2648 mihi
1323 2607 1384 2648 uon

298 2696 430 2758 maxima
459 2693 581 2759 videtur
588 2720 597 2772 ;
629 2716 728 2779 neque
759 2694 883 2757 omniuo
915 2695 1107 2779 propositum
1139 2703 1203 2772 est,
1236 2695 1274 2759 de
1296 2695 1386 2759 factis

297 2807 330 2870 in
354 2806 465 2890 quibus
489 2813 625 2870 versetur
651 2806 748 2870 oratio
772 2828 937 2890 exponere,
970 2807 1007 2871 de
1031 2807 1143 2892 quibus
1166 2808 1199 2871 in
1222 2815 1384 2892 utramque

296 2925 413 3004 partem
436 2941 453 2982 a
476 2918 609 2982 Sluitero
634 2926 664 2981 et
687 2916 875 2982 Hoelschero
898 2918 942 2982 ita
965 2917 1083 2982 dictum
1107 2927 1169 2996 est,
1193 2926 1230 2982 ut
1252 2942 1300 2984 res
1317 2926 1384 2982 acta

296 3029 445 3093 videatur.
492 3027 599 3092 Sobrio
631 3028 734 3113 potius
764 3028 879 3095 iudicio
911 3051 987 3118 opus
1011 3037 1075 3107 est,
1108 3049 1199 3112 quam
1222 3051 1302 3093 nova
1324 3053 1384 3094 ma-

295 3141 389 3205 teriae
420 3141 540 3205 dudum
564 3140 708 3204 collectae
731 3140 940 3226 dispositione.
987 3140 1139 3226 Equidem
1164 3163 1267 3205 vereor
1289 3164 1327 3205 ne
1350 3143 1381 3206 iu

293 3251 481 3331 rationibus,
519 3253 630 3336 quibus
664 3252 823 3322 historicas
858 3252 1052 3318 difficultates
1076 3275 1230 3318 removere
1254 3261 1382 3318 conatur
1408 3249 1413 3278 ⁸

294 3361 513 3441 Hoelsoherus,
531 3370 619 3428 tanta
633 3364 721 3449 copia
736 3365 776 3428 sit
791 3366 853 3428 veri
871 3365 1034 3441 similium,
1052 3371 1088 3428 ut
1103 3384 1174 3428 vera
1190 3365 1253 3429 siut
1267 3385 1363 3449 pauca
1370 3391 1380 3442 ;

294 3499 363 3540 uam
391 3497 557 3540 concursus
592 3474 757 3538 multarum
789 3497 890 3539 rerum
913 3475 1010 3559 magis
1038 3475 1177 3539 minusve
1201 3475 1379 3553 dubiarum,

293 3587 330 3652 de
361 3588 473 3672 quibus
505 3586 583 3650 nihil
600 3585 709 3669 ¹possit
741 3585 872 3669 amplius
899 3583 1100 3650 demonstrari
1123 3585 1182 3648 nisi
1206 3607 1267 3649 non
1291 3586 1380 3670 plane

291 3699 353 3762 veri
388 3721 452 3762 esse
484 3697 664 3774 dissimiles,
701 3696 867 3762 admodum
897 3695 1107 3781 improbabilis
1139 3704 1194 3761 est.
1248 3697 1377 3762 Etiamsi

290 3809 386 3893 igitur
416 3809 449 3872 in
480 3808 609 3892 singulis
640 3806 793 3892 plerisque
824 3830 888 3870 rem
917 3829 948 3870 se
971 3805 1082 3870 habere
1101 3829 1210 3892 posse,
1236 3809 1379 3892 quemad-

290 3919 415 3984 modum
432 3918 619 3983 Hoelschero
635 3916 789 3996 videatur,
813 3917 1006 4002 largiendum
1022 3918 1076 3995 sit,
1102 3927 1138 3981 ut
1153 3926 1261 3982 auctor
1276 3942 1377 3983 rerum

290 4031 464 4117 aequalium
498 4031 656 4116 imperitus
687 4028 816 4094 subinde
847 4030 1041 4107 titubaverit,
1078 4037 1180 4094 tamen
1210 4053 1272 4094 non
1306 4053 1376 4095 eum

289 4142 397 4206 vicisse
422 4140 676 4217 existimabimus,
701 4147 849 4204 oratorem
874 4140 1046 4229 identidem¹
1062 4141 1094 4204 iu
1118 4141 1223 4206 eadem
1238 4143 1376 4207 oratione

288 4255 419 4338 turpiter
442 4275 538 4317 errare
562 4251 711 4316 derebus
736 4251 826 4336 vulgo
849 4253 931 4316 notis
955 4254 1089 4337 potuisse
1114 4254 1162 4334 (cf.
1187 4276 1213 4318 e.
1237 4275 1265 4337 g.
1284 4253 1376 4317 Hoel-

289 4365 385 4430 scher.
410 4389 439 4450 p.
465 4367 516 4428 62.
542 4367 562 4427 4
586 4371 616 4427 et
640 4365 657 4426 5
683 4364 740 4428 sub
763 4363 878 4447 finem).
916 4363 1009 4426 Mitto
1031 4362 1126 4447 igitur
1141 4369 1322 4448 argumenta
1337 4387 1374 4427 ex

288 4477 415 4541 historia
449 4476 561 4562 petita;
592 4481 713 4538 tantum
737 4473 816 4536 addo
838 4475 855 4559 b
878 4476 920 4537 46
944 4473 1029 4537 πλέον
1053 4472 1069 4547 ἢ
1093 4473 1301 4553 τετταράκοντ’
1323 4475 1373 4550 ἔτη
