3126 5210
659 411 718 477 ur

191 608 280 691 §1⁰-
326 607 408 670 Mira
438 607 613 670 consecutio
644 613 814 691 temporum
846 615 907 670 est:
936 607 1015 685 ὑμᾶς
1037 604 1083 682 οὖν
1105 608 1176 687 xpi
1200 609 1232 672 ἐκ

150 715 254 780 τούτων
276 714 443 795 δοκιμάζειν
459 716 526 788 τοὺς
549 714 691 797 πολίτας,
712 721 890 788 σκοποῦντας
913 715 967 793 μὲν
991 713 1066 786 θπιις
1090 713 1176 790 ἦσαν
1204 717 1232 780 ἐν

149 834 184 904 τῇ
212 824 389 904 δημοκρατία
419 825 737 902 πεπολιτευμένοι,
761 823 920 904 ζητοῦντας
938 825 963 889 δ’
975 823 1036 900 ἥτις
1056 826 1152 894 αὐτοῖς
1172 825 1232 901 ε’γθ-

148 955 232 1008 γυετο
254 933 384 1015 ὠφέλεια
405 938 461 998 τῶν
484 934 670 1014 πραγμάτων
692 934 928 1010 μεταπεσόντων.
967 934 1060 998 Recte
1083 933 1234 999 diceretur

148 1043 232 1107 ὁποῖοι
254 1038 328 1118 ἦσαν
350 1079 395 1091 -
419 1043 647 1121 πολιτευθμενοι,
671 1042 725 1108 sed
747 1043 1037 1128 plusquamperfecti
1053 1043 1169 1108 nullam
1189 1066 1234 1107 ra-

146 1149 260 1214 tionem
281 1151 380 1216 video.
405 1150 546 1216 Fortasse
571 1152 784 1217 scribendum:
808 1161 891 1234 χρῆν.
922 1152 1067 1236 Vulgaris
1090 1154 1168 1216 ratio
1190 1159 1235 1216 est

146 1268 220 1338 χρῆν
247 1268 383 1337 σκοπεῖν,
414 1260 490 1335 θπιις
522 1262 575 1328 εἰσὶ
605 1286 638 1326 π.
672 1270 728 1326 eut
756 1259 811 1328 εἷεν
842 1287 875 1330 π.
922 1261 982 1326 sed
1013 1262 1087 1326 hoec
1112 1262 1233 1346 saepius

147 1368 335 1453 neglegitur,
359 1392 416 1455 pro
440 1371 592 1456 praesenti
615 1378 685 1456 post
706 1371 832 1436 verbum
848 1371 1004 1456 praeteriti
1019 1371 1165 1454 temporis
1181 1371 1238 1433 irn-

148 1478 280 1559 perfecto
307 1477 487 1542 substituto.
524 1478 570 1543 Os.
595 1482 663 1544 κατ’
687 1483 785 1560 Ἀγορ.
812 1482 879 1564 (13)
904 1483 964 1542 41:
990 1479 1052 1558 περὶ
1076 1477 1237 1558 Ἀγοράτου

147 1586 261 1652 recrevi
280 1589 397 1670 ἔλεγον,
423 1585 466 1652 θτι
488 1587 578 1660 αἴτιος
602 1583 640 1662 ἦν
665 1594 715 1654 τοῦ
740 1589 873 1654 θανάτου.
910 1587 988 1652 Xen.
1013 1587 1096 1652 Hell.
1118 1586 1179 1650 III.
1206 1590 1235 1649 2.

150 1697 186 1758 6:
209 1699 372 1761 ἐπιστεῖλαι
399 1696 428 1760 δὲ
450 1697 516 1768 τοὺς
540 1697 657 1779 ἐφόρους
681 1699 789 1774 εἰπεῖν,
814 1700 866 1779 eie,
890 1735 935 1746 -
958 1696 1000 1762 ὅτι
1022 1704 1070 1762 νῦν
1090 1697 1166 1762 οὐδὲν
1182 1697 1239 1770 ἡδί-

149 1827 211 1869 κυυυ
235 1807 301 1890 (pro
325 1805 465 1891 άδικοῡσι)
492 1810 640 1872 ἐπαινοῖεν.
687 1805 747 1870 ΟΡ.
771 1806 833 1871 ΙΙΙ.
855 1810 885 1871 3.
902 1811 941 1870 9:
963 1813 1109 1872 κατανοῶν
1126 1810 1238 1888 θΚῦρος

149 1917 185 1986 ὡς
207 1912 238 1980 εὖ
261 1917 341 1995 αὐτῷ
364 1913 444 1996 εἶχον
468 1918 534 2000 (pro
558 1915 669 2000 ἔχουσι)
692 1918 733 1982 τά
753 1916 865 1995 σώμαθ’
883 1918 907 1981 οἱ
921 1923 1097 1997 στρατιῶται
1113 1955 1158 1964 -
1175 1918 1240 1980 ἐπε-

150 2024 237 2102 θύμει.
266 2023 361 2110 (Lys.)
385 2026 453 2108 ὑπὲρ
477 2038 621 2106 Πολυστρ.
646 2030 723 2111 (20).
750 2030 809 2090 24:
833 2027 900 2092 ὥστ’
923 2027 1024 2092 εἰδέναι
1046 2029 1113 2098 τοὺς
1128 2027 1239 2098 ἱππέας

149 2127 200 2203 οἷος
231 2129 262 2205 ἦν
294 2133 352 2217 (vel
383 2131 402 2210 ἦ
428 2159 483 2221 pro
514 2137 575 2212 εἰμθ
604 2137 652 2200 vel
682 2135 751 2220 εἴην)
781 2139 833 2212 την
860 2138 973 2218 ψυχήν.
1012 2135 1109 2200 Thuc.
1127 2135 1182 2199 VI.
1210 2139 1239 2199 1.

150 2243 218 2307 Alie
240 2243 353 2307 videsis
376 2244 409 2308 in
431 2267 557 2328 gramm.
581 2247 597 2330 ᾧ
622 2247 673 2310 57.
698 2247 735 2308 A.
760 2249 813 2308 45.
850 2244 1024 2310 Sententiae
1044 2243 1240 2328 pendentisa

150 2360 222 2432 χρῆν
253 2359 307 2416 out
335 2353 405 2434 ἔδει,
437 2353 470 2416 in
502 2375 563 2437 quo
593 2354 804 2437 imperfectum
832 2354 986 2439 (plqperi.)
1009 2375 1064 2437 pro
1088 2353 1240 2436 praesenti

150 2462 247 2546 (perf.)
275 2468 455 2545 usurpetur,
487 2484 549 2526 non
579 2463 677 2527 habeo
709 2463 899 2549 exemplum,
930 2462 1039 2526 sedin
1062 2460 1241 2525 secundario

151 2575 251 2633 temen
282 2571 418 2634 membro
446 2573 614 2636 sententiae
644 2572 806 2657 pendentis
833 2573 1044 2657 imperfectum
1076 2577 1242 2655 usurpatur

152 2686 186 2740 nt
209 2678 296 2742 Dem.
324 2682 353 2743 8.
381 2683 419 2743 l:
445 2682 527 2746 Ἔδει
558 2683 611 2759 μὲν
642 2684 707 2754 τοὺς
738 2682 881 2759 λέγοντας
912 2680 1051 2753 ἅπαντας
1074 2683 1151 2759 μήτε
1175 2681 1242 2760 πρὸς

153 2787 257 2867 ἔχθραν
285 2791 424 2854 ποιεῖσθαι
454 2791 541 2867 λόγον
572 2791 683 2868 μηδένα
711 2793 788 2869 μήτε
819 2792 886 2871 πρδς
916 2791 1017 2872 χάριν,
1042 2790 1113 2854 ἀλλ’
1137 2787 1150 2853 ὃ
1173 2790 1244 2867 βέλ-

151 2919 245 2962 τιστον
270 2894 393 2970 ἕκαστος
417 2902 561 2976 ἡγεῖτο,
585 2903 664 2965 τοῦτ’
687 2901 911 2982 άποφαθνεσθαι.
947 2899 1113 2963 Enueleate
1133 2898 1171 2962 de
1194 2899 1243 2962 his

153 3006 294 3092 Madvig,
311 3008 396 3072 Bem.
415 3033 444 3092 p.
465 3012 515 3087 17,
530 3031 574 3095 sq.
593 3017 623 3074 et
641 3013 692 3072 14.
708 3048 753 3058 -
769 3009 862 3089 Quod
879 3010 1017 3092 sequitur
1032 3009 1243 3092 imperfectum

153 3119 285 3194 ε’γθγνετσ
299 3120 413 3183 mansit
432 3142 468 3183 ex
488 3120 624 3184 cretione
637 3111 742 3196 ⁴recto;
759 3119 862 3183 malim
878 3126 979 3182 temen
997 3119 1110 3195 ἐγένετο
1127 3116 1243 3202 („quod

152 3228 415 3303 „emolumentum
441 3235 647 3314 perceperint,
672 3252 768 3313 quum
790 3251 837 3292 res
861 3250 1021 3291 conversae
1045 3227 1186 3310 essent’').

195 3340 212 3422 t
236 3340 287 3401 11.
334 3339 393 3413 ε’γθι
425 3337 516 3402 τοίνυν
543 3340 690 3420 ἡγοῦμαι,
719 3335 775 3401 ὅσοι
795 3338 849 3414 μὲν
871 3339 900 3400 εὐ
923 3347 960 3417 τῇ
981 3322 1159 3417 δημοκρατία
1181 3333 1244 3400 άτι-

152 3471 198 3524 μοι
226 3443 300 3522 ἦσαν
327 3446 446 3518 εὐθύνας
474 3446 625 3518 δεδοικθτες
649 3447 665 3521 ἢ
689 3452 744 3510 τῶν
766 3445 851 3510 θντιυυ
874 3444 1099 3525 άπεστερημένσι
1123 3445 1139 3520 ἢ
1163 3443 1243 3524 άλλη

151 3557 203 3622 τινὶ
234 3561 374 3638 συμφορᾷ
404 3553 524 3636 τοιαύτη
546 3555 726 3636 κεχρημένοι.
774 3553 874 3618 Nemo
898 3575 960 3617 non
985 3553 1059 3616 haec
1082 3553 1181 3637 primo
1204 3553 1243 3616 le-

151 3688 226 3750 gens
249 3665 357 3748 iunget
380 3663 531 3736 δεδινκθτες
556 3668 572 3738 ἢ
596 3663 821 3742 άπεστερημένοι
846 3662 863 3738 ἢ
882 3661 1063 3741 κεχρημένοι.
1097 3659 1156 3725 Sed
1179 3662 1246 3725 iun-

151 3775 251 3860 gendo
282 3781 356 3838 sunt
386 3773 484 3852 άτιμοι
513 3774 531 3849 ἢ
561 3776 616 3838 άπ.
642 3775 659 3848 ἢ
683 3797 784 3852 κεχρ,
808 3780 844 3834 ut
868 3772 1020 3864 sententio
1042 3771 1149 3848 docet3
1175 3794 1245 3834 nam

149 3883 248 3964 ι’θτιμοι
284 3879 355 3956 ἦσαν
385 3885 555 3971 explicetur
590 3885 688 3969 primo
711 3883 872 3969 participio
896 3881 969 3962 δεδ.,
994 3904 1056 3945 ιιοιι
1080 3882 1153 3945 item
1178 3881 1245 3944 reli-

149 3998 227 4079 quis.
277 3995 344 4080 Ego
376 3997 493 4066 εὐθύνας
521 3994 672 4066 δεδυκότες
698 3991 846 4056 eiiciende
869 4012 994 4067 censeo,
1019 3997 1127 4075 utpote
1152 3991 1245 4054 inter-

150 4107 245 4190 pretis
279 4104 438 4170 cuiusdam
462 4110 746 4169 annotetementnm
770 4125 805 4166 ex
829 4101 966 4184 margine
994 4103 1142 4183 petitnm;
1164 4099 1247 4163 addi·

151 4216 196 4280 dit
220 4215 259 4280 od
279 4213 395 4294 άτιμοιε
429 4214 516 4290 ἤγουν
540 4213 661 4284 εὐθύνας
685 4211 853 4287 δεδοικότες,
879 4215 911 4272 ιἰι
934 4213 1103 4274 rationibus
1127 4213 1245 4275 dandis.

154 4325 195 4389 nt
225 4348 315 4390 nemo
347 4326 409 4390 fere
441 4326 521 4388 inter
552 4326 734 4388 recentiores
766 4322 897 4386 editores
920 4320 995 4384 haec
1018 4319 1108 4384 verbe
1132 4321 1247 4384 intacto

1110 4435 1147 4488 12
