3074 5210
680 475 720 538 85

137 675 208 740 XV.
241 679 336 762 ι149)
366 677 444 741 καιιά
473 673 661 756 ἐργάζεσθαι,
687 675 735 749 καὶ
759 675 824 746 τοὺς
847 673 988 746 τοιούτους
1012 675 1167 741 ε’παιυεῖυ.·
1198 680 1243 742 Οὐ

136 787 197 868 γὰρ
227 793 282 852 υῦυ
315 793 424 870 πρῶτον
446 789 487 868 τῷ
511 788 637 868 ὑμετέρῳ
659 787 761 861 πλήθει
784 787 929 853 τάυαυτήα
951 785 1084 865 ἔπραξεν.
1132 787 1242 853 Reiske

136 922 199 963 non
234 902 401 986 perspexit
430 923 545 964 nerum
576 900 814 976 sententiarum,
846 900 899 983 qui
928 898 1076 984 abruptus
1101 906 1147 962 est
1170 921 1243 983 quo·

135 1009 317 1074 dommodo
326 1038 335 1088 ;
358 1033 428 1076 nam
453 1012 526 1076 haec
550 1013 593 1075 ita
609 1005 790 1074 cohaerent:
808 1011 958 1088 „miratus
974 1032 1043 1074 sum
1060 1032 1124 1074 esse
1140 1010 1244 1073 etiam·

65 1157 69 1164 ·
134 1145 248 1199 „nunc
280 1125 340 1209 qui
371 1123 604 1189 Eratosthenem
637 1122 819 1200 defendant;
851 1161 895 1172 -
926 1145 1112 1209 quamquam
1138 1122 1242 1186 mirari

135 1233 298 1313 ,‚desin0,
334 1235 387 1300 nbi
418 1245 544 1320 reputo,
576 1233 728 1298 maleficos
752 1257 771 1297 a
792 1233 936 1298 maleficis
960 1233 1084 1298 defendi
1090 1260 1099 1311 ;
1126 1271 1168 1282 -
1190 1233 1241 1296 hie

134 1347 246 1420 „enim
259 1369 330 1412 non
342 1349 424 1410 nune
436 1347 569 1432 primum
578 1353 694 1410 vestrae
704 1346 882 1411 obversatur
890 1344 1116 1410 multitudini.”
1140 1344 1242 1409 Filum

134 1455 236 1540 igitur
264 1457 416 1521 orationis
440 1457 603 1542 abruptum
627 1479 681 1542 per
704 1458 798 1533 πλήυ,
823 1457 987 1521 resumitur
1011 1465 1080 1542 post
1096 1459 1239 1540 ἐπαινεῖν,

135 1573 165 1628 et
197 1566 290 1647 γάρ,Ι
313 1569 507 1634 referendum
530 1569 569 1633 ed
592 1569 766 1653 superiora,
792 1567 1001 1632 admirationis
1026 1584 1148 1633 oausam
1172 1590 1241 1653 sug·

137 1679 238 1762 gerit3
267 1679 310 1744 cf.
336 1702 429 1766 supra
451 1683 468 1766 ξ
491 1682 543 1745 27.
590 1678 684 1759 Quod
709 1663 734 1741 si
757 1679 801 1742 ita
824 1687 887 1756 est,
913 1701 967 1764 pro
992 1680 1060 1760 ὑπὲρ
1084 1683 1176 1745 αὐτῶν
1201 1680 1242 1744 le·

137 1789 282 1872 gendum
315 1792 383 1870 ὑπὲρ
412 1794 531 1858 αὐτοῦ,
577 1789 650 1854 Non
681 1813 745 1854 esse
776 1789 897 1854 videtur
927 1813 981 1854 cur
1012 1813 1080 1855 oum
1105 1790 1240 1876 Kaysero

138 1901 300 1982 quaedam
324 1911 393 1987 post
416 1903 542 1966 ἐπαινεῖν
564 1901 754 1966 intercidisse
778 1908 930 1986 putemus.

181 2013 200 2096 d
226 2014 287 2076 53.
334 2013 454 2086 Πολλάς
477 2011 601 2093 ἑκάτεροι
625 2012 746 2085 ἐλπίδος
770 2012 890 2093 εἴχομεν
911 2012 978 2093 πρὸς
998 2014 1144 2087 ἀλλήλους
1160 2014 1239 2079 ἔσεσ·

137 2125 200 2202 θαι,
234 2130 278 2199 ὡς
310 2127 469 2208 ἀμφότεροι
493 2126 653 2206 εδεήξαμευ.
677 2165 721 2179 —-
744 2125 915 2203 Ἐδείξααευ
939 2149 994 2211 pro
1017 2125 1116 2202 ἔδοξαν
1139 2147 1239 2210 recep·

138 2242 208 2300 tum
243 2245 296 2302 est
326 2239 446 2302 monitu
478 2238 583 2316 Geeli,
614 2239 668 2322 qui
699 2238 827 2323 primam
856 2260 1015 2323 personam
1038 2238 1237 2302 necessariam

139 2368 206 2411 esse
240 2349 342 2425 vidit,
376 2357 412 2413 ut
443 2350 594 2414 sententia
625 2350 681 2412 sit:
714 2357 751 2412 ut
774 2349 897 2434 utrique
920 2349 1008 2414 factis
1032 2349 1237 2434 probavimus

141 2454 202 2521 Sed
233 2460 411 2525 difficiliora
433 2469 507 2526 sunt
529 2463 647 2545 priora3
672 2484 743 2527 nam
767 2483 1025 2547 supervacaneum
1049 2470 1095 2526 est
1116 2483 1238 2525 monere

141 2567 211 2646 πρὸς
236 2573 390 2646 ἀλλήλους
414 2574 527 2638 ἔσεσθαι
550 2594 612 2635 non
638 2594 725 2656 posse
749 2572 936 2656 significare;
956 2577 1064 2638 citeros·
1077 2577 1238 2639 adulteros

142 2701 324 2749 accessuros
347 2681 484 2767 (Reor).
508 2681 751 2747 Bouchenstein:
776 2689 837 2748 wir
859 2687 984 2748 werden
1007 2687 1181 2750 beideroeits
1204 2709 1237 2750 so

140 2813 236 2876 peperi
271 2798 414 2860 σιίιοιοάσι
444 2800 508 2858 seru
538 2833 582 2842 -
612 2817 644 2858 so
673 2797 861 2859 vercutiet
891 2833 934 2844 -
965 2802 1023 2860 wie
1045 2798 1127 2861 beide
1150 2801 1237 2863 theile

141 2909 269 2989 zeutan.
318 2904 377 2970 Sed
401 2906 474 2970 haec
498 2906 529 2968 in
554 2904 652 2969 verbis
674 2927 737 2969 non
760 2905 867 2969 insunt
874 2933 883 2983 ;
906 2929 977 2970 nam
992 2914 1029 2970 ut
1044 2929 1150 2991 graece
1166 2909 1236 2973 talis

143 3017 300 3081 sententia
323 3015 493 3093 efferretur,
518 3015 702 3081 mutandum
724 3017 819 3081 foret:
840 3018 919 3098 περὶ
942 3020 1089 3093 ἀλλήλους
1110 3018 1237 3103 ἔσεσθαι,

142 3109 206 3190 οἷοι
233 3127 335 3212 (ὄντες)
358 3128 520 3210 ἀμφότεροι
544 3127 702 3206 ἐδείξαμεν.
751 3127 823 3193 Non
847 3129 929 3193 enirn
952 3152 1095 3216 graecum
1115 3140 1161 3196 est
1176 3132 1235 3210 εἰμὶ

144 3239 209 3316 περί
232 3263 301 3304 τινα
322 3237 424 3314 οὕτως,
448 3242 485 3311 ὡς
509 3262 564 3325 pro
587 3245 726 3314 τοιοῦτος,
747 3235 809 3312 οἷος.
845 3239 1038 3306 Hamalrerus
1066 3244 1235 3308 sententiae

144 3357 236 3429 putat
265 3350 437 3414 satisfacere
468 3350 719 3429 διαλλαγήσεσθαι
747 3373 802 3438 pro
825 3352 954 3428 ἔσεσθαι,
977 3351 1137 3418 Scheibins
1161 3354 1233 3418 olim

146 3463 324 3547 proposuit·
339 3463 517 3529 σπείσεσθαι.
564 3462 623 3526 Sed
655 3464 717 3527 sive
748 3463 823 3542 hoe,
851 3465 914 3528 sive
937 3463 1034 3542 illud,
1059 3465 1121 3528 sive
1149 3465 1234 3530 alind

147 3570 255 3638 similis
278 3574 510 3658 significationis
533 3574 717 3638 vocabulum
741 3574 919 3653 adsciveriS,
941 3577 1043 3640 minus
1059 3583 1130 3661 apta
1146 3585 1234 3642 erunt

147 3703 224 3766 quae
256 3695 444 3771 sequuntur3
477 3709 548 3751 nam
578 3697 649 3772 post
679 3694 943 3752 commemoratam
973 3687 1101 3751 foederis
1129 3711 1231 3773 spem,

148 3815 225 3878 quae
249 3805 359 3862 eventu
372 3797 568 3882 comprobata
584 3798 624 3861 sit
641 3799 687 3880 (ὡς
703 3799 786 3878 ἀμφ.
802 3798 871 3882 εδ),
888 3805 1042 3883 exspectes
1059 3799 1091 3862 in
1108 3821 1233 3884 sequen-

147 3907 229 3973 tibus
260 3910 367 3974 foedus
398 3911 511 3974 initum
539 3917 608 3973 aut·
625 3916 704 3974 certe
733 3916 887 3974 tentatum
909 3910 1002 3975 dici.¹
1028 3910 1123 3991 Quod
1146 3933 1232 3976 secus

147 4027 205 4098 est;
229 4021 309 4086 nihil
332 4023 413 4086 enim
436 4022 473 4085 iis
497 4021 726 4106 comprobatur,
751 4043 843 4106 quam
867 4023 1003 4086 animum
1020 4036 1111 4107 atque
1127 4023 1232 4086 volun-

145 4138 237 4197 tatem
271 4135 384 4197 civium
414 4133 453 4198 ad
482 4133 763 4197 reconciliationem
791 4133 885 4197 fuisse
916 4133 1090 4218 proclivem.
1143 4132 1232 4197 Hane

146 4239 238 4324 igitur
276 4267 360 4330 spem
394 4245 505 4309 fovisse
537 4251 683 4331 utrosque
714 4244 813 4308 verbis
845 4247 995 4330 corruptis
1027 4245 1231 4330 significatum

147 4351 237 4419 fuisse
259 4355 389 4420 videtur.
427 4355 506 4419 Vide
529 4378 604 4419 num
627 4355 698 4419 ferri
720 4356 834 4440 possit:
859 4357 973 4427 πολλάς
998 4356 1123 4435 ἑκάτεροι
1147 4358 1228 4421 ἐλπί-

149 4462 198 4538 δας
220 4466 338 4548 εἴχομεν
361 4475 444 4552 πρᾷοι
466 4469 534 4549 πρὸς
556 4469 701 4543 ἀλλήλους
726 4466 852 4549 ἔσεσθαι,
878 4470 914 4539 ὡς
937 4469 1096 4550 ἀμφότεροι
1120 4467 1228 4546 ἐδείξα-
