3126 5210
876 441 939 504 174

358 633 551 716 probandum
574 635 614 698 sit
636 636 784 718 (requiras
808 643 961 720 praeterea
987 639 1117 716 ἡγοῦμαι
1142 641 1222 712 ἐμοὶ
1247 644 1364 726 τεαμ.);
1390 651 1458 708 tum

358 744 442 828 quod
462 766 517 828 per
539 743 581 808 δ’τι
602 747 774 810 annectitur
797 768 859 809 non
885 746 966 810 illud
991 748 1074 830 quod
1095 772 1150 834 per
1165 750 1389 817 documentum
1405 755 1460 817 eli·
1542 815 1543 818 ,

357 853 440 937 quod
452 853 678 918 demonstratur
693 855 745 918 sed
761 855 982 920 documentum
996 857 1099 942 ipsum
1104 884 1113 936 ;
1132 859 1265 946 denique
1278 863 1362 946 quod
1377 864 1458 945 εἴπερ
1542 861 1543 956 J

356 972 463 1029 contre
485 962 642 1048 vulgarem
667 987 758 1030 usum
780 987 836 1050 pro
859 964 887 1030 εἴ
908 967 1043 1050 ponitur.
1081 968 1189 1032 Altero
1205 969 1273 1034 loco
1289 972 1374 1056 quod
1391 973 1458 1038 dixi
1542 971 1543 1046 i

356 1074 557 1139 illustrabunt
588 1076 662 1140 haec
694 1075 843 1160 exempla.
875 1075 974 1144 Thuc.
1007 1076 1069 1140 III.
1096 1080 1155 1142 66:
1187 1083 1338 1160 τεκμήριον
1361 1086 1398 1155 ὡς
1423 1087 1456 1148 αὖ

355 1184 502 1261 πολεμίως
526 1184 717 1264 ἕτραυσυμεν·
741 1184 807 1249 οὔτε
830 1185 890 1264 γαρ
913 1223 968 1251 -.
991 1185 1071 1250 Plet.
1096 1186 1178 1252 Crat.
1200 1190 1276 1254 436.
1299 1190 1342 1254 G:
1367 1193 1456 1270 μέγα·

355 1316 422 1358 orco
454 1293 483 1358 δέ
513 1317 556 1358 σοι
587 1294 661 1358 ἔστω
676 1297 858 1374 τεκμήριον,
883 1293 925 1359 ὅτι
949 1297 999 1359 οὐκ
1024 1295 1177 1377 ἔσφαλται
1200 1307 1253 1373 τῆς
1276 1301 1415 1376 ἀληθείας
1441 1307 1455 1369 ὁ

355 1404 507 1479 τιθέμενος·
539 1408 570 1469 οὐ
602 1405 661 1484 γαρ
684 1443 738 1471 -.
771 1404 838 1472 Orit
871 1408 923 1469 52.
956 1406 1000 1470 B:
1031 1407 1158 1484 μεγάλα
1182 1410 1250 1487 ἡμῖν
1272 1411 1381 1482 τούτων
1405 1438 1454 1478 τε·

355 1514 462 1593 κμήραὶ
493 1517 588 1598 ἐστιν,
616 1512 659 1580 ὅτι
681 1540 724 1581 σα
749 1516 796 1582 καὶ
822 1518 906 1593 ἡμεῖς
930 1517 1083 1598 >idioticam
1106 1519 1154 1586 καὶ
1180 1521 1311 1594 ἡπόλις
1336 1526 1367 1587 od
1391 1525 1453 1603 γαρ

353 1621 390 1687 ἄν
412 1661 466 1688 -.
499 1625 577 1690 Xen.
609 1627 670 1690 An.
698 1625 724 1692 I.
751 1630 780 1690 9.
807 1628 865 1690 30:
895 1627 981 1705 μέγα
1004 1628 1033 1692 δὲ
1055 1631 1206 1708 τεκμήριον
1227 1631 1278 1698 καὶ
1301 1631 1335 1696 τὸ
1358 1634 1388 1696 ἐν
1415 1643 1452 1714 τῇ

353 1746 479 1816 τελευτῇ
503 1741 552 1800 τοῦ
575 1735 641 1812 βίου
665 1737 743 1817 αὐτῷ
767 1736 936 1813 γενόμενον,
961 1737 1003 1802 δ’τν
1026 1739 1076 1802 καὶ
1101 1739 1190 1812 αὐτὸς
1212 1735 1244 1811 ἦν
1261 1741 1386 1818 ἁγαθός.
1411 1741 1452 1805 Et

352 1845 396 1907 sio
426 1845 601 1930 saepissime
612 1871 621 1923 ;
653 1852 690 1910 ut
721 1844 801 1914 illud
833 1847 916 1931 quod
934 1841 1219 1925 ¹demonstrandum
1252 1850 1293 1914 sit
1323 1874 1379 1935 per
1409 1850 1451 1916 δ’τι

352 1955 534 2019 enuncietur
561 1961 704 2022 constans
727 1979 823 2041 paone
847 1979 953 2022 norma
978 1965 1042 2036 est,
1067 1981 1085 2022 e
1108 1981 1170 2042 que
1191 1982 1259 2024 raro
1283 1961 1450 2026 admodum

349 2063 503 2129 receditur
510 2091 519 2143 ;
548 2073 653 2132 contro
680 2067 836 2151 ingentem
865 2091 941 2132 num
949 2091 1036 2132 erum
1058 2068 1213 2147 locorum,
1238 2069 1292 2134 ubi
1315 2071 1375 2136 hoo
1400 2073 1450 2136 ob-

352 2182 505 2254 servatur,
530 2178 604 2242 haec
627 2163 748 2242 tentum
770 2179 972 2244 animadverti
988 2181 1155 2244 contraris:
1173 2180 1252 2244 Xen.
1270 2180 1353 2244 Hell.
1370 2179 1444 2244 VH.

355 2288 384 2349 1.
410 2289 469 2350 23:
494 2287 545 2352 καὶ
567 2290 792 2367 αλκιματυῖτυυς
816 2289 841 2352 δ’
864 2291 971 2361 αὐτοὺς
995 2292 1072 2374 (τοὺς
1091 2290 1247 2375 Ἀρκάδας)
1263 2293 1446 2374 ἀπεδείκνυε,

351 2399 495 2477 τεκμήρια
514 2399 714 2480 παρεχόμενος
738 2403 774 2471 ὠς
798 2401 949 2481 ἐπικούρων
973 2400 1061 2465 τ’τότε
1083 2401 1203 2474 δεηθεῖέν
1221 2425 1311 2476 τινες,
1331 2401 1446 2472 οὐδένας

353 2507 460 2590 ρξρνῦντ’
491 2510 557 2576 ἄντ’
581 2510 736 2590 Ἀρκαδων.
779 2510 859 2576 Plot.
892 2509 976 2574 Orat.
1002 2512 1077 2574 398.
1101 2511 1148 2574 A:
1172 2511 1322 2592 τεκμήριον
1345 2510 1447 2588 δέμνι’

350 2621 412 2684 ἐστι
437 2621 496 2703 (τδν
519 2619 644 2685 Ἡσίοδον
667 2621 765 2698 λέγειν
787 2622 821 2685 τὸ
843 2625 969 2701 χρυσοῦν
992 2621 1074 2698 γένος
1097 2623 1147 2686 οὐκ
1170 2622 1202 2684 ἐκ
1220 2627 1330 2701 χρυσοῦ
1351 2628 1446 2712 τεΦυ·

350 2730 410 2814 κός)
433 2729 476 2796 ὅτι
499 2731 549 2794 καὶ
574 2735 654 2809 ἡμᾶς
677 2743 751 2812 φησι
775 2732 901 2812 σιδηροῦν
925 2727 997 2796 εἶναι
1021 2731 1114 2809 γένος.
1138 2769 1182 2780 --
1205 2731 1347 2815 Denique
1366 2729 1444 2807 εἴπερ

350 2839 409 2902 hoc
439 2839 508 2904 loco
540 2842 663 2926 ponitur
695 2863 749 2925 pro
779 2843 825 2918 εἰ,
850 2840 934 2924 quod
958 2840 1180 2924 significatione
1204 2839 1357 2903 diversum
1381 2847 1427 2902 est
1432 2863 1441 2915 ;

350 2950 436 3033 prius
468 2951 549 3015 enim
580 2960 687 3037 aptum
719 2958 765 3016 est
795 2952 851 3017 ubi
875 2951 1014 3016 condicio
1038 2973 1101 3016 non
1125 2951 1215 3036 plone
1237 2951 1355 3015 incerta
1378 2957 1439 3025 est,

349 3060 403 3126 sed
434 3061 586 3126 dubitatio
618 3062 677 3126 iam
710 3062 905 3145 aliquetenus
936 3061 1071 3145 praecisa
1101 3061 1185 3144 quod
1213 3081 1277 3124 rem
1301 3068 1355 3122 aut
1379 3080 1439 3124 esse

350 3177 403 3234 sut
432 3193 497 3235 non
527 3193 591 3236 esse
623 3171 852 3236 subindicstur:
878 3176 909 3257 si
931 3174 1031 3248 modo,
1056 3173 1238 3254 siquidem,
1263 3176 1293 3234 si
1314 3173 1361 3234 oet
1380 3191 1438 3234 ναυ-

348 3285 447 3360 sime,
469 3287 570 3364 utique
592 3287 630 3345 si.
665 3280 806 3344 Fortasse
830 3287 903 3364 post
925 3278 967 3345 ὅτι
992 3279 1109 3364 aliquid
1133 3277 1247 3343 excidit
1266 3286 1298 3342 et
1316 3302 1333 3342 e
1348 3277 1439 3364 Lysia

349 3391 497 3476 scriptum
531 3392 608 3455 fuit:
643 3391 728 3468 μέγα
761 3391 815 3468 μὲν
850 3388 896 3455 οὖν
932 3391 1082 3469 τεκμήριον
1112 3387 1154 3455 ὅτι
1181 3392 1243 3454 οὐκ
1269 3389 1391 3458 ἀδικῶ·
1414 3390 1436 3452 εἰ

348 3500 435 3580 γαρ,
459 3525 486 3565 κ.
511 3525 540 3565 τ.
563 3501 587 3565 ἑ.

392 3612 462 3695 di.
508 3609 688 3690 Πενρασομαι
720 3610 797 3686 ὑμᾶς
828 3607 959 3692 δνδνὶξαν,
991 3606 1037 3680 οὓς
1069 3613 1199 3686 ἡγοῦμαι
1229 3612 1285 3672 τῶν
1315 3614 1436 3674 πολιτῶν

348 3721 493 3800 τρυςνὶαενν
523 3719 701 3799 ὀλιγαρχίας
732 3720 879 3794 ἐπιθυμεῖν
910 3717 961 3783 καὶ
993 3719 1198 3800 δημοκρατίας.
1245 3717 1362 3782 Mirum
1393 3724 1437 3782 est

346 3830 497 3893 neminem
530 3836 650 3912 praeter
680 3828 920 3900 Herwerdenum
951 3827 1114 3892 offendisse
1145 3829 1178 3892 in
1202 3849 1255 3904 eo,
1280 3827 1434 3910 quodvis

345 3939 471 4023 impune
493 3939 580 4022 pueri
601 3939 738 4002 nescient
757 3961 774 4002 s
790 3938 910 4022 vulgari
924 3960 985 4001 usu
1004 3938 1159 4015 recedere,
1177 3937 1304 4004 relativo
1319 3936 1366 4009 οὕς
1381 3958 1433 4023 pro

346 4048 564 4130 interrogativo
595 4049 705 4132 posito.
746 4047 934 4113 Huiusmodi
965 4047 1103 4134 exemplo
1133 4069 1195 4112 non
1217 4053 1291 4110 sunt
1313 4048 1358 4111 its
1379 4047 1432 4111 fre·

346 4159 488 4243 quentis,
514 4166 549 4224 ut
571 4181 633 4223 rem
657 4161 751 4224 tacito
771 4165 933 4245 praeterire
950 4159 1051 4223 liceat.
1076 4157 1154 4222 Xen.
1172 4155 1254 4221 Heli,
1271 4155 1334 4222 ΙΠ.
1349 4161 1378 4221 2.
1397 4161 1428 4220 9:

345 4269 358 4332 ὁ
390 4269 568 4350 Δερκυλίδας
591 4271 642 4333 α’νκ
663 4265 742 4333 εἶπεν
765 4265 797 4344 ἣν
820 4270 883 4350 ἔχον
907 4271 1034 4348 γνώμαν.
1076 4268 1174 4332 Thuo.
1199 4265 1291 4332 VIII.
1317 4269 1369 4333 50.
1394 4273 1427 4330 5:

344 4380 467 4460 γράψας
490 4381 554 4445 καθ’
577 4377 691 4444 ἕκαστα
713 4381 885 4460 ἀτειχίστου
908 4380 992 4472 οὔσης
1009 4379 1131 4461 Σάμου,
1152 4374 1225 4461 ᾧνδν
1243 4379 1339 4459 τρόπῳ
1353 4378 1427 4444 αὐτὰ
