3074 5210
783 447 845 508 134

271 655 398 712 λεοτοιῖοι
429 647 580 727 κρινόμενοι
611 647 764 726 attonat·
789 646 968 722 οιεοιοιομέιιοι
1000 646 1058 724 γὰρ
1081 653 1133 719 τῆς
1156 648 1241 725 ,ὀργῆς
1266 646 1375 708 αὐτῶν

271 759 424 839 οὶκοοοῖοθε,
449 757 498 822 aa>
522 758 587 828 τοὺς
604 754 749 837 ἐλέγχους
765 757 816 832 ἤδη
833 756 960 828 θέλοντες
979 757 1168 838 ἀποδέχεσθε.
1193 757 1231 820 In
1249 756 1373 840 quibus

272 869 405 954 primum
428 869 591 944 miramur,
617 890 686 932 eum
700 871 800 952 fundo
824 868 993 946 audivisse,
1018 869 1201 934 calumniam
1217 891 1281 932 esse
1297 891 1373 932 rem

271 981 488 1057 miserrimam,
512 981 653 1044 novimus
678 981 735 1044 hoc
758 1002 817 1045 usu
842 982 959 1065 experti
982 1003 1042 1044 uon
1069 1003 1105 1044 ex
1130 981 1289 1045 hominum
1313 1002 1371 1042 ru-

271 1091 417 1156 moribus.
463 1091 588 1156 Iuvenis
624 1115 694 1156 sane
730 1101 810 1170 erat,
847 1092 898 1155 eui
934 1091 1012 1155 hanc
1044 1092 1211 1176 orationem
1241 1091 1368 1175 scripsit

271 1203 378 1288 Lysias
411 1203 458 1285 (of.
491 1205 543 1287 55)
575 1226 636 1288 quo
659 1203 792 1288 pertinet
815 1204 906 1269 etiam
930 1203 1099 1286 imperitiae
1123 1202 1278 1266 excusatio
1301 1203 1317 1285 b
1343 1204 1365 1263 l

273 1321 304 1379 et
327 1317 364 1392 2,
390 1314 428 1378 cf.
452 1316 469 1399 b
492 1317 533 1376 45
558 1316 686 1391 ἀκήκοκ,
713 1317 753 1377 53
778 1315 866 1395 macl.
912 1313 973 1378 Sed
997 1314 1135 1378 affectata
1158 1313 1297 1377 videatur
1313 1336 1370 1376 ne-

273 1449 355 1490 cesse
387 1434 431 1489 est
462 1425 532 1489 talis
563 1426 735 1512 ignorantia
768 1427 800 1490 in
831 1426 895 1489 cive
926 1425 1039 1491 liberae
1069 1426 1218 1504 civitatis,
1247 1426 1279 1490 in
1303 1448 1370 1509 qua

273 1536 438 1622 plurimum
469 1537 585 1601 invidia
616 1535 740 1620 polleat.
787 1536 881 1617 Quod
910 1538 937 1600 si
967 1545 1031 1602 tam
1059 1537 1189 1602 bardum
1212 1560 1247 1602 ao
1270 1560 1371 1621 paene

272 1649 420 1713 infantem
453 1649 550 1712 voluit
582 1671 750 1734 proponere
782 1659 932 1712 oratorem
963 1647 1088 1732 Lysias,
1125 1647 1288 1713 dicendum
1321 1658 1372 1712 est

272 1759 362 1824 illum
400 1757 479 1822 male
519 1779 677 1843 personam
710 1759 743 1821 in
775 1759 975 1844 sequentibus
1007 1760 1198 1824 sustinuisse.
1246 1758 1370 1824 Deinde

275 1869 424 1954 (μάλιστα
448 1869 493 1950 δέ,
525 1894 553 1933 κ.
578 1895 605 1933 τ.
630 1869 666 1952 ἓ.)
690 1891 752 1932 non
776 1870 923 1954 probatur·
947 1871 1029 1955 quod
1054 1872 1254 1937 demonstrari
1276 1871 1369 1936 debe-

274 1983 342 2058 bat,
368 1984 547 2046 calumniam
570 2003 632 2044 esse
657 2003 720 2044 rem
744 1982 970 2065 turpissimam,
999 1981 1052 2045 sed
1074 1985 1264 2047 iracundiam
1283 1970 1367 2054 mul-

272 2099 339 2155 tum
364 2090 472 2154 valere.
518 2090 684 2154 Procedere
705 2091 748 2155 sic
764 2090 894 2156 debebat
911 2093 1170 2176 argumentando:
1187 2094 1364 2171 „calumnia

272 2211 416 2283 „tantum
450 2203 530 2266 valet
561 2212 596 2266 ut
619 2202 812 2266 iracundiam
835 2204 966 2267 excitare
989 2204 1103 2288 possit;
1129 2226 1199 2274 nam
1223 2227 1258 2268 ec
1281 2206 1366 2290 quod

273 2315 442 2401 „postremi
473 2315 593 2398 saepius
624 2314 843 2392 absolvuntur,
861 2316 952 2408 iram
980 2316 1140 2380 calumniis
1163 2323 1277 2381 motam
1301 2339 1367 2386 esse

274 2426 455 2512 „apparet”
490 2424 664 2489 Dicendum
680 2431 744 2488 erat
760 2437 796 2506 τῇ
813 2425 934 2508 διαβολῇ
950 2427 1032 2503 fieri,
1050 2436 1086 2490 ut
1103 2429 1220 2512 primus
1237 2430 1367 2513 quisque

276 2540 328 2624 qui
353 2561 387 2602 ea
412 2523 538 2624 petatur·
557 2523 794 2614 condemnetur,
819 2560 881 2602 non
905 2545 1075 2622 postremos
1100 2539 1224 2604 absolvi.

320 2649 380 2713 Sed
403 2649 477 2712 alibi
500 2671 623 2733 quoqne
647 2648 866 2713 demonstratio
891 2658 937 2714 est
958 2651 1062 2715 minus
1086 2652 1248 2738 perspicua
1271 2651 1368 2714 veluti

274 2763 367 2846 bssd.
404 2759 645 2845 Aristophanes,
678 2761 766 2824 euius
796 2760 877 2825 bona
899 2760 1057 2845 publicata
1080 2771 1179 2841 erant,
1204 2763 1371 2847 reliquerat

276 2871 402 2935 domum
433 2893 503 2934 cum
535 2871 613 2934 vasis
647 2877 677 2934 et
699 2871 892 2955 praediolum
918 2873 970 2936 scd
995 2880 1107 2938 cuncta
1129 2873 1228 2938 multo
1251 2873 1372 2937 minora

276 3005 367 3069 qnam
398 2982 560 3067 quisquam
592 2982 737 3066 opinatus
768 2993 842 3046 erat.
891 2982 959 3046 Iam
991 2992 1092 3048 orator
1123 2993 1159 3048 ut
1182 2984 1371 3049 demonstret

276 3117 354 3179 quae
383 3094 508 3157 inventa
539 3100 640 3156 essent
671 3102 742 3178 post
773 3094 990 3178 Aristophanis
1021 3104 1150 3159 mortem
1180 3096 1282 3160 omnia
1305 3118 1371 3161 esse

276 3230 354 3292 quae
378 3205 580 3291 possedisset,
597 3204 702 3273 fictum
720 3206 867 3290 proponit
882 3206 1067 3291 exemplum.
1104 3207 1160 3286 „Si
1175 3207 1371 3284 Timotheus,

276 3319 394 3402 inquit,
419 3317 554 3381 Cononis
578 3316 658 3380 filius
684 3317 750 3401 (qni
773 3317 950 3382 fortunatus
975 3318 1145 3402 putabatur
1169 3319 1262 3383 Arist.
1288 3319 1373 3383 Plut.

276 3433 376 3514 „180)
400 3452 483 3494 nune
506 3429 702 3492 damnaretur
725 3429 855 3514 eiusque
878 3429 959 3493 bona
982 3429 1215 3514 publicarentur
1239 3437 1268 3493 et
1291 3430 1375 3494 inve-

276 3543 406 3622 „niretis
438 3539 500 3606 no'u
532 3540 662 3625 amplius
695 3551 829 3624 quatuor
860 3542 992 3621 talenta,
1021 3544 1211 3629 putaretisne
1235 3543 1300 3606 eius
1323 3564 1377 3605 ne·

278 3655 443 3734 „cessarios
461 3653 623 3736 abstulisse
639 3652 781 3736 reliqua?
813 3653 917 3717 Multo
937 3656 1040 3719 minus
1058 3655 1095 3719 de
1111 3655 1174 3718 filio
1190 3653 1377 3739 Nicophemi

276 3766 507 3851 „Aristophane
530 3766 643 3829 mirum
668 3765 758 3828 debet
782 3765 897 3845 videri3
922 3790 995 3831 nam
1010 3765 1221 3852 Nicophemus
1237 3765 1375 3850 legatus,

239 3888 242 3892 ’
276 3876 406 3956 „Conon
438 3875 501 3938 dux
541 3877 575 3938 in
605 3875 686 3938 hello
715 3885 794 3954 erat,
826 3899 916 3959 quem
939 3879 1085 3942 maiorem
1107 3885 1222 3962 partem
1248 3875 1378 3961 praedae

276 3988 449 4073 „accepisse
474 4008 564 4050 conse
574 3991 721 4049 ntaneum
745 3986 822 4050 est.”
853 3987 966 4051 Adhuc
982 3989 1085 4054 omnia
1100 3998 1181 4052 recte
1196 3985 1379 4081 procedunt.

277 4101 419 4182 Quatuor
441 4100 626 4163 talentorum
649 4092 768 4162 summa
796 4098 925 4180 (Bahius
944 4102 1179 4180 τεττιιροέκοιτοι,
1196 4097 1298 4162 Schol.
1316 4096 1382 4182 Hy-

277 4210 460 4298 pamelii.
482 4234 512 4295 p,
527 4212 602 4294 201)
623 4211 783 4274 memorari
809 4209 950 4288 videtur,
973 4212 1057 4296 quod
1077 4219 1199 4275 tant-um
1218 4210 1279 4274 fere
1302 4195 1382 4272 redi-

276 4325 350 4388 isset
366 4347 402 4386 ex
419 4323 559 4387 auctione
571 4321 721 4386 bonorum
735 4321 974 4406 Aristophanis,
989 4324 1075 4386 cuius
1089 4323 1213 4387 domum
1228 4327 1258 4384 et
1270 4341 1381 4404 agrum

277 4457 355 4519 quae
380 4435 516 4518 quinque
537 4433 659 4498 talentis
680 4433 802 4496 emisset
818 4435 846 4518 (A
861 4437 915 4519 42)
936 4442 1071 4520 quatuor
1086 4435 1148 4498 fere
1164 4439 1380 4522 postmortem
