3128 5208
693 490 713 552 3

157 698 299 777 homine,
332 699 381 762 cui
411 721 449 762 ne
471 695 667 782 Thucydides
691 695 814 781 quidem
837 702 868 760 et
890 695 978 759 Plato
1001 695 1240 773 satisfaciebant,

157 811 219 874 nisi
242 811 309 894 ipse
333 831 388 873 nos
410 801 585 874 admoneret
607 810 643 892 (c.
670 810 708 873 17
734 802 780 880 ale
796 808 827 872 al
849 807 953 887 rixam
969 808 1241 890 uapcyya'aaovrae)

158 921 192 984 in
216 919 311 1005 Lysia
333 919 530 986 describendo
554 918 646 984 etad
669 919 812 984 amussim
835 918 999 1004 exigendo,
1024 920 1096 983 artis
1121 943 1151 982 se
1168 942 1240 983 suae

159 1053 225 1094 non
255 1029 403 1095 oblivisci.
438 1031 541 1115 Atque
572 1031 605 1094 in
635 1051 670 1094 eo
701 1029 781 1093 valet
803 1028 943 1106 fortasse,
968 1028 1050 1113 quod
1074 1028 1178 1094 Cicero
1202 1029 1239 1093 de

161 1140 396 1206 admiratoribus
425 1142 536 1205 ieiunis
567 1139 740 1204 Atticorum
763 1137 848 1203 Orat.
872 1161 897 1204 o.
924 1141 940 1205 7
966 1138 1056 1204 dicit:
1080 1141 1244 1226 „eloquen-

162 1254 239 1316 tiam
270 1253 366 1337 ipsius
397 1251 510 1315 viribus
540 1273 602 1315 non
633 1250 840 1316 imbecillitate
868 1273 923 1314 sua
944 1252 1115 1316 metiantur.
1150 1249 1244 1314 Nunc

145 1363 146 1370 '
164 1365 248 1427 enim
264 1369 385 1428 tanturn
400 1364 528 1448 quisque
543 1362 663 1439 laudat,
680 1368 829 1446 quantum
844 1384 875 1425 se
891 1383 978 1446 posse
990 1368 1090 1446 sperat
1102 1361 1244 1426 imitari.”

211 1474 250 1538 In
282 1473 406 1558 reliquis
429 1480 501 1537 sunt
524 1496 600 1558 quae
622 1471 707 1538 nulla
729 1478 837 1557 egeant
860 1471 1132 1549 demonstratione,
1157 1495 1246 1558 quae-

166 1585 238 1649 dam
261 1587 352 1650 etiam
374 1584 446 1650 trita
467 1585 527 1662 sic,
551 1591 586 1648 ut
609 1583 734 1648 verbum
756 1585 794 1648 iis
818 1583 928 1647 addere
952 1584 1029 1648 foret
1044 1605 1166 1669 operam
1182 1606 1247 1669 per·

167 1697 249 1761 dere.
295 1695 396 1780 Igitur
418 1695 523 1759 relicto
546 1694 652 1760 ordine
675 1694 890 1787 disputationis
913 1693 1041 1780 Dionysi
1056 1694 1109 1757 illa
1124 1701 1245 1779 tangere

166 1809 270 1884 lubet,
302 1829 379 1890 quae
408 1805 516 1890 Lysiae
547 1805 605 1868 soli
636 1806 758 1890 propria
780 1811 834 1869 aut
857 1826 926 1867 eum
950 1805 1052 1890 paucis
1075 1807 1246 1869 eommunia

167 1925 250 1983 sunt.
276 1917 508 2002 intellegemus,
525 1917 632 2001 opinor
640 1965 649 1995 ‚
667 1917 723 1980 etsi
735 1917 863 1980 nimium
878 1917 909 1979 in
925 1915 1081 1992 laudibus,
1098 1918 1246 1980 tamenin

166 2051 288 2094 summa
309 2051 410 2092 rerum
433 2029 545 2093 bonum
567 2028 802 2092 existimatorem
818 2050 881 2091 esse
898 2027 1080 2113 Dionysium
1096 2036 1247 2112 praestan·

165 2142 227 2204 tiae
243 2140 399 2203 oratoriae.
428 2140 473 2202 Ao
485 2139 617 2223 primum
630 2138 667 2202 de
679 2139 804 2220 ἠθοποιΐᾳ
814 2137 942 2223 Lysiaca
952 2139 1104 2223 agendum
1117 2140 1245 2204 videtur.

210 2249 410 2316 'lbalatieium
439 2249 562 2314 effatum
592 2255 654 2326 est,
685 2271 756 2312 vera
784 2271 860 2334 quae
883 2250 961 2327 sint,
987 2272 1041 2313 sua
1064 2273 1095 2314 se
1118 2252 1147 2314 vi
1170 2272 1248 2315 eom·

168 2363 332 2438 mandare,
363 2384 420 2426 nec
441 2361 513 2438 ullis
536 2360 671 2445 indigere
694 2360 852 2424 lenociniis
876 2362 1044 2426 verborum.
1080 2366 1207 2434 ‘Artaciis
1235 2365 1248 2428 ὁ

169 2477 259 2554 μῦθος
287 2482 340 2547 τῆς
369 2474 506 2548 ἀληθείας
537 2473 612 2552 ἔφυ,
635 2475 684 2536 κού
708 2473 842 2538 ποικίλων
865 2474 909 2538 δεῖ
928 2473 1044 2555 τᾶνδιχ’
1071 2472 1249 2554 ἑρμηνευμά-

169 2611 238 2651 των.
269 2585 359 2665 Ἔχει
382 2585 441 2665 γὰρ
464 2584 543 2649 αὐτὰ
565 2584 669 2665 καιρόν.
705 2582 796 2664 Quod
821 2606 915 2668 quum
936 2607 1024 2648 nemo
1040 2585 1127 2648 facile
1141 2590 1249 2668 neget,

167 2696 257 2762 nulla
278 2703 378 2760 amen
401 2718 492 2760 causa
512 2697 557 2759 ita
579 2702 752 2779 comparata
775 2703 837 2772 est,
862 2697 936 2781 quin
959 2697 996 2760 iis
1021 2697 1074 2780 qui
1097 2695 1155 2758 sibi
1183 2717 1249 2780 per·

170 2807 293 2872 suaderi
315 2807 425 2885 colim,
449 2807 621 2892 perfugium
644 2806 769 2892 aliquod
792 2806 953 2871 dubitandi
968 2808 1176 2892 relinquatur;
1194 2813 1252 2870 ete-

171 2921 238 2984 nim
265 2941 342 3003 quae
364 2919 396 2983 in
418 2919 484 2989 iure
505 2925 663 2983 versantur
686 2919 830 3003 pleraque
852 2925 925 2981 sunt
946 2898 1122 2996 eiusmodi,
1142 2924 1178 2981 ut
1207 2917 1254 2980 iu-

173 3041 254 3096 stam
276 3031 457 3117 plenamque
479 3028 766 3093 demonstrationem
789 3051 851 3093 non
875 3029 1046 3094 admittant.
1085 3029 1194 3115 Itaque
1217 3037 1252 3093 ut

173 3141 264 3206 velint
287 3140 346 3204 sibi
368 3139 543 3225 persuaderi
565 3138 719 3204 auditores
737 3138 926 3203 efficiendum
942 3147 1004 3218 est;
1023 3149 1053 3204 et
1069 3140 1254 3206 demonstra

175 3253 254 3318 tioui
283 3259 429 3335 tanquam
460 3249 592 3314 effectrix
624 3250 826 3334 persuasionis
858 3249 993 3314 succedit
1016 3251 1125 3315 vicaria
1148 3259 1201 3316 aut
1223 3276 1254 3317 se

175 3364 318 3448 adiungit
339 3363 443 3447 opinio
466 3361 503 3426 de
527 3361 678 3446 probitate
702 3368 732 3425 et
754 3362 889 3427 moribus
913 3362 1059 3441 dicentia,
1082 3386 1138 3427 nec
1165 3386 1256 3427 eausa

176 3482 315 3553 tantum,
345 3471 397 3536 sed
420 3473 485 3556 ipse
508 3472 560 3557 qui
584 3471 658 3535 dicit
681 3471 870 3537 auditoribus
894 3473 1015 3558 probari
1037 3474 1137 3538 debet.
1175 3472 1255 3538 Nam

177 3584 433 3670 quemadmodum
457 3583 494 3647 ab
516 3583 654 3668 improbo
676 3583 799 3648 homine
822 3586 869 3649 vel
892 3586 1005 3670 optime
1021 3585 1101 3650 dicta
1116 3586 1256 3650 reiieiunt

177 3695 348 3773 auditores,
380 3696 424 3760 ita
452 3680 558 3758 eontra
587 3694 676 3758 facile
699 3696 925 3781 amplectuntur
955 3720 1033 3781 quae
1059 3697 1256 3781 proferuntur

177 3805 216 3870 ab
239 3827 290 3883 eo,
315 3828 406 3892 quem
428 3804 487 3869 fide
510 3804 638 3888 dignum
665 3807 853 3884 existimant,
870 3806 1070 3892 lubenterque
1086 3807 1182 3872 labori
1197 3809 1256 3872 sin·

178 3916 252 4001 gula
280 3915 459 4001 explorandi
489 3922 519 3978 et
551 3915 707 3979 scrutandi
733 3917 792 4002 ipsi
815 3926 953 4001 pareunt.
999 3903 1140 4003 Namque
1164 3917 1255 4002 vulgo

178 4028 316 4092 homines
348 4049 410 4090 non
440 4025 578 4089 iudicant
607 4027 723 4092 ratione
752 4029 809 4092 rite
832 4029 975 4093 conclusa
997 4051 1052 4094 nee
1075 4029 1256 4094 testimoniis

98 4189 100 4194 .
161 4139 256 4204 bene
278 4137 471 4222 ponderatis,
497 4135 548 4200 sed
569 4159 605 4200 ex
628 4145 802 4230 praesumta
824 4139 954 4223 quadam
977 4141 1118 4224 opinione
1141 4139 1179 4203 de
1201 4140 1259 4202 vir·

180 4255 247 4312 tute
270 4256 300 4312 et
322 4247 524 4332 improbitate.
560 4246 642 4331 Ergo
658 4249 690 4310 in
705 4249 743 4312 iis
759 4249 932 4313 civitatibus
940 4299 950 4328 ,
968 4251 1097 4335 quibus,
1114 4259 1150 4326 ut
1165 4250 1258 4314 Athe·

136 4455 141 4466 ·
181 4360 229 4422 nis
258 4359 323 4422 fieri
353 4359 484 4436 solebat,
508 4358 600 4422 multi
622 4366 653 4422 et
675 4382 712 4422 ex
735 4361 877 4424 omnibus
900 4362 1058 4428 ordinibus
1082 4370 1162 4426 sorte
1185 4361 1258 4426 lecti

183 4468 297 4532 iudices
321 4470 444 4549 sedent,
468 4491 599 4554 quorum
621 4470 728 4534 animis
751 4470 1076 4559 faciliusimponitur,
1100 4496 1191 4558 qnam
1208 4496 1256 4558 pe

1101 4589 1137 4644 1*
