3126 5210
681 461 742 525 207

158 685 188 747 p.
215 663 277 726 271
304 658 487 723 dubitanter
509 658 533 720 oi
558 657 595 720 A*
608 656 656 720 vel
679 657 705 720 oi
718 657 782 722 ΑΒ]
798 656 819 720 i.
837 679 861 719 c.
887 658 911 720 oi
928 655 1083 736 τριόιιοντα
1103 657 1149 720 vei
1162 657 1256 736 τριόιι.

161 773 249 836 πέντε
257 797 266 848 ;
293 770 406 834 melius
422 767 554 851 Borgh:
578 766 659 849 δέκα)
683 765 810 848 ᾑρημένοι
834 768 1022 843 νομοθέται
1043 767 1097 831 ὑπὸ
1117 775 1169 841 τῆς
1189 767 1257 842 βον-

161 891 216 957 λῆς
239 875 520 958 ἀναγράφοντες
544 878 572 940 ἐν
595 877 705 940 σανίσιν
724 876 888 941 ἐκτιθέντων
911 877 978 957 πρὸς
994 876 1060 948 τοὺς
1081 877 1256 951 ἐπωνύμους.

164 989 378 1071 Quamquam,
404 985 430 1048 si
455 985 505 1048 cui
530 984 625 1048 dubia
648 984 790 1048 videatur
814 985 888 1048 haec
912 985 1093 1062 auctoritas,
1118 985 1258 1048 videsne

164 1097 370 1183 psephismate
394 1094 518 1180 quidem
542 1117 619 1180 opus
644 1117 726 1172 csse,
751 1102 788 1157 ut
811 1095 1038 1159 demonstretur
1060 1096 1184 1159 illorum
1207 1118 1258 1158 no-

166 1209 374 1271 mothetarum
405 1205 471 1288 (qui
501 1204 595 1289 probe
620 1203 830 1288 distinguendi
855 1227 869 1267 a
895 1205 1072 1289 quingentis
1096 1206 1127 1268 in
1151 1205 1258 1269 eodem

166 1318 376 1404 psephismate
400 1316 662 1392 commemoratis,
688 1322 718 1378 et
742 1338 759 1379 a
783 1315 972 1400 vulgaribus)
989 1316 1147 1401 proprium
1164 1318 1257 1380 fuisse

165 1430 200 1494 τὸ
223 1428 409 1507 οὶναγροόφειν
434 1428 500 1498 τοὺς
525 1426 635 1502 νόμους.
684 1424 808 1504 Quibus
833 1427 906 1489 satis
929 1425 1171 1489 demonstratum
1193 1432 1259 1489 tan-

167 1560 258 1622 quam
290 1537 441 1613 νομοθέτην
474 1535 665 1619 rescripsisse
688 1535 888 1618 (οξναγροόψαι)
911 1535 994 1619 leges
1016 1534 1257 1613 Nicomachum

169 1671 223 1712 nec
247 1648 419 1732 quidquam
442 1646 601 1731 prohibet,
618 1646 793 1729 'quominus
817 1669 887 1709 eum
912 1647 1016 1709 statim
1040 1657 1110 1730 post
1132 1646 1261 1729 triginta

169 1759 247 1820 viros
271 1756 415 1841 expulsos
438 1763 574 1820 creatum
598 1762 752 1840 putemus.
791 1754 884 1834 Quod
900 1756 932 1819 in
949 1755 1154 1840 psephismate
1178 1755 1260 1840 apud

169 1866 362 1930 Andocidem
392 1867 533 1930 iubentur
567 1888 631 1929 uno
653 1887 757 1929 mense
780 1887 894 1928 munus
917 1866 1059 1950 perficere
1083 1864 1261 1948 (παραδιδόν-

170 2003 225 2042 των
249 1984 316 2048 ταῖς
342 1981 451 2056 όιρχαῖς
476 1979 504 2040 ἕν
527 1976 599 2056 τῷδε
622 1977 662 2056 τῷ
686 1976 786 2060 μηνί),
812 1974 895 2059 apud
919 1973 1043 2058 Lysiam
1067 1975 1095 2058 (b
1118 1975 1150 2057 4)
1170 1973 1262 2037 Nico·

172 2087 299 2150 machus
330 2087 445 2151 dicitur
469 2092 606 2171 potuisse
637 2086 765 2169 triginta
795 2085 902 2148 diebus
934 2106 998 2147 rem
1022 2085 1180 2168 perficere,
1202 2084 1262 2148 dis-

172 2198 286 2260 crimen
314 2205 360 2259 est
382 2197 537 2260 minutum
561 2195 652 2258 nimis
676 2217 767 2279 quam
792 2201 829 2258 ut
851 2216 907 2257 nos
933 2196 1044 2258 morari
1067 2193 1187 2258 debeat.

217 2305 359 2370 Ceterum
390 2307 493 2370 omnia
523 2306 555 2368 in
583 2305 639 2368 hac
662 2305 799 2368 oratione
823 2304 972 2380 clamant,
997 2304 1119 2388 culpam
1142 2305 1183 2370 N.
1208 2306 1262 2368 mi-

173 2418 256 2480 rifice
288 2417 325 2480 ab
357 2423 477 2478 oratore
508 2415 693 2499 exaggerari.
740 2414 861 2493 Pretio,
895 2415 1015 2498 inquit,
1040 2425 1110 2479 ante
1134 2417 1262 2500 triginta

173 2527 252 2588 viros
283 2527 364 2609 leges
392 2525 458 2587 fixit
490 2531 582 2609 atque
612 2525 711 2588 refixit
718 2549 728 2601 ;
760 2547 822 2587 non
846 2525 914 2588 aliis
937 2526 1100 2590 utebamur
1123 2526 1260 2609 legibus,

172 2657 262 2719 quam
293 2657 368 2718 quas
399 2632 452 2697 ille
480 2635 734 2699 subministrabat
756 2635 844 2699 nobis
869 2637 896 2720 (q
919 2638 962 2719 3).
1008 2635 1064 2699 Est
1086 2637 1145 2700 ista
1167 2635 1263 2700 dicta·

170 2747 245 2808 toris
270 2751 324 2807 aut
347 2751 540 2807 aesumnetae
565 2745 711 2828 potentia.
759 2743 856 2807 Cuius
880 2744 1012 2808 hominis
1035 2745 1154 2810 nullam
1170 2747 1260 2810 aliam

171 2855 348 2918 memoriam
372 2854 453 2936 apud
476 2854 610 2937 reliquos
624 2855 732 2917 barum
749 2877 850 2917 rerum
866 2855 1026 2941 scriptores
1043 2877 1134 2938 quam
1151 2857 1183 2920 in
1199 2879 1261 2920 uno

171 2966 329 3047 alteroque
363 2964 446 3027 dicto
478 2965 694 3048 Aristophanis
732 2964 819 3048 (Rau.
851 2967 953 3042 1505,
990 2968 1074 3030 1078
1106 2968 1144 3029 of.
1169 2989 1262 3050 supra

172 3097 202 3158 p.
229 3076 281 3157 54)
302 3074 528 3157 superfuturum
550 3075 661 3152 fuisse,
687 3075 756 3159 quis
780 3074 839 3140 sibi
862 3075 1080 3159 persuaderet?
1127 3076 1262 3140 Attende

172 3185 264 3246 etiam
298 3182 367 3245 illas
402 3182 591 3261 tragoedias:
627 3185 848 3261 ἐπιβαλλόντων
883 3184 912 3246 δὲ
948 3190 1004 3249 τῶν
1030 3185 1179 3264 οὶρχόντων
1202 3188 1263 3250 ἑπι-

172 3293 267 3369 βολόις
301 3291 351 3355 καὶ
385 3291 556 3369 εἰςαγόντων
591 3294 630 3364 εἷς
664 3294 698 3357 τὸ
738 3294 914 3371 δικαστήριον
945 3298 996 3359 οὐκ
1027 3294 1146 3370 ἠόόλνρσε
1169 3317 1263 3374 παρα-

173 3402 266 3466 δοῦναι
308 3401 374 3471 τοὺς
416 3401 532 3474 νόμους·
574 3401 672 3466 οξλλόι
718 3401 885 3483 πρότερον
923 3406 939 3476 ἡ
974 3404 1076 3473 πόλις
1111 3406 1160 3474 εἷς
1194 3404 1262 3474 πόις

173 3513 357 3589 μιγέντας
390 3511 581 3592 ονμφορόις
612 3513 789 3595 κατέστη,
821 3514 885 3592 πρὶν
916 3519 1016 3577 τοῦτον
1045 3516 1263 3588 ἀπαλλαγῆναι

173 3629 225 3695 τῆς
264 3620 360 3698 οόρχῆς
397 3619 447 3684 καὶ
482 3625 538 3684 τῶν
573 3621 788 3698 πεπραγμένων
822 3622 940 3693 εὐόόνας
980 3623 1139 3700 ὑποσχεῖν,
1185 3643 1263 3704 quae

176 3730 217 3794 sic
247 3728 410 3806 dicuntur,
448 3730 535 3813 quasi
565 3751 645 3794 unus
678 3728 885 3794 Nicomachus
917 3730 1125 3796 calamitatum
1158 3736 1264 3793 auctor

175 3840 289 3916 fuerit,
330 3861 408 3922 quae
447 3845 550 3903 tamen
588 3861 660 3903 casu
701 3848 823 3904 tantum
858 3841 890 3904 in
920 3841 1002 3906 idem
1035 3847 1157 3926 tempus
1190 3841 1265 3903 inci·

177 3949 264 4013 dunt.
310 3948 387 4011 Tum
428 3948 577 4012 invidiose
616 3949 746 4026 δημόσιος
783 3949 897 4014 dicitur
932 3950 968 4014 ab
1004 3950 1110 4014 eodem
1145 3955 1263 4013 oratore

177 4060 230 4143 qui
261 4058 353 4143 paulo
384 4067 454 4122 ante
486 4080 555 4122 eum
579 4059 698 4122 dixerat
727 4061 767 4131 εἰς
790 4062 856 4131 τοὺς
881 4060 1031 4140 φράτερας
1056 4063 1264 4142 ἐγγραφῆναι,

175 4169 207 4232 id
240 4177 286 4231 est
313 4169 428 4252 optimo
462 4169 528 4232 iure
563 4169 658 4233 civem
694 4192 767 4233 esse.
815 4169 970 4234 Nimirum
1005 4177 1091 4254 pater
1123 4169 1265 4233 Nicoma·

177 4278 227 4341 chi
257 4301 361 4340 servus
393 4285 457 4341 erat
488 4278 644 4362 publicus,
669 4281 722 4362 qui
746 4281 868 4343 civit-ate
891 4279 1023 4343 donatus
1046 4279 1263 4363 impetravita

179 4387 292 4470 populo
324 4396 360 4450 ut
395 4387 500 4451 liceret
534 4387 631 4452 filium
670 4390 823 4473 phratrias
856 4389 970 4454 tabulis
1002 4390 1149 4467 inserere,
1182 4387 1265 4472 quod
