3128 5208
864 455 907 518 62

337 659 454 734 τοδείοιο
488 657 676 733 ἀνεπιτήδειοι
711 653 835 732 δόξουσιν
871 651 941 720 sinen
965 685 1027 729 u,
1058 659 1117 724 τοῖς
1148 652 1177 718 δὲ
1210 650 1369 728 βουλοίμην
1393 646 1433 714 διν

337 769 416 846 δοξον
440 769 529 847 μηδὲν
550 769 654 832 aaran
676 768 793 838 τούτους
818 765 873 830 ὑπὸ
894 764 1001 831 τούτων
1021 765 1180 830 ἀδικεῖσθαι
1196 763 1327 843 πρότερον
1345 759 1436 842 (fore

338 882 490 963 npdrspcc),
538 878 610 944 Non
633 901 739 942 verum
763 901 827 941 esse
851 899 943 962 posse
961 876 1030 958 πρὸς
1051 877 1117 949 τοὺς
1133 875 1285 956 rapturae·
1294 874 1432 958 quisque

338 991 440 1070 videt,
473 980 607 1055 universi
639 989 770 1068 adsunt,
802 998 864 1054 tam
895 990 950 1073 qui
977 995 1296 1072 accusantur,qua1n
1321 984 1431 1059 amici,
1501 1055 1504 1064 ,

339 1103 393 1187 qui
428 1123 511 1168 nunc
546 1101 662 1166 iudices
698 1107 780 1164 sunt.
827 1099 968 1164 Fortasse
1004 1099 1078 1163 olim
1112 1099 1226 1162 lectum
1255 1097 1315 1162 fnit
1346 1095 1434 1176 πρὸς

338 1215 506 1288 rederet,
537 1235 593 1297 pro
625 1233 687 1296 quo
714 1233 890 1298 perversum
913 1212 1217 1296 interpretamentum
1240 1209 1306 1280 τοὺο
1328 1206 1436 1286 ποτμον·

339 1348 394 1396 τοις
418 1325 568 1390 substitui
590 1324 679 1388 facile
702 1325 820 1409 potuit3
844 1347 914 1388 nam
939 1324 1013 1388 haec
1037 1323 1127 1388 verba
1142 1323 1185 1386 sic
1200 1323 1280 1386 lecta
1295 1320 1434 1404 aliquam

332 1434 494 1501 ,habebant
526 1434 759 1511 obscuritatem,
791 1433 875 1518 quod
897 1435 964 1506 τοὺς
987 1435 1040 1513 μέν
1063 1453 1126 1498 non
1149 1434 1282 1518 pertinet
1304 1431 1343 1496 ad
1368 1453 1435 1494 eoas

339 1546 408 1611 dem
441 1546 580 1630 (rosiacen)
612 1545 666 1610 sed
697 1545 736 1610 ad
766 1546 943 1610 remotiores
967 1541 1016 1631 (οἷο
1040 1547 1187 1629 symae),
1212 1545 1244 1609 in
1268 1544 1436 1630 pronunci⁴

272 1706 275 1713 .
340 1656 420 1723 ando
453 1664 573 1734 tamen,
607 1657 749 1729 δεικτικῶς
766 1657 879 1735 dieta,
906 1658 1025 1722 nuliam
1049 1664 1191 1742 poterant
1213 1657 1334 1721 habere.
1383 1655 1433 1718 De

284 1835 286 1839 .
340 1768 485 1854 proximis
516 1767 595 1832 nihil
626 1791 703 1853 opus
732 1777 778 1832 est
799 1769 898 1832 multe
922 1769 1055 1834 virorum
1079 1768 1238 1833 doctorum
1263 1767 1436 1832 tentamina

339 1901 592 1958 commemoraref
617 1879 781 1964 legendum
806 1889 882 1966 puto
906 1883 971 1952 τοὺς
998 1882 1052 1960 μὲν
1075 1883 1133 1960 pete
1151 1881 1228 1945 οὐδὲν
1251 1876 1332 1953 οἶμοι
1356 1901 1435 1958 προ-

337 1994 526 2070 τιμήτιιν,
552 1997 670 2056 minuce
693 1999 863 2058 curaturos.
898 1990 982 2056 Note
1005 1998 1078 2056 sunt
1093 1992 1163 2055 illa:
1181 1989 1311 2071 ὁπότερον
1326 1988 1364 2054 ἂν
1380 1992 1435 2070 νῷν

336 2101 396 2179 idne
420 2103 604 2172 Ktadrenra
631 2103 763 2184 πρότερον
787 2104 802 2178 ἢ
827 2103 1049 2184 προπιμνὶοιιντοὶ
1073 2129 1101 2168 τι
1125 2102 1333 2185 Τοπτόμενον,
1357 2098 1432 2166 εἷνοιι

337 2222 435 2282 τοῦτον
470 2219 542 2292 ἡγοῦ
576 2216 618 2293 μὴ
649 2215 726 2292 θοόν,
763 2217 816 2281 Ar,
854 2215 930 2280 Rau.
965 2219 1039 2280 638.
1087 2217 1177 2282 ecee
1204 2221 1332 2294 προτιμῶ
1360 2238 1432 2292 σον,

336 2328 421 2392 Plut.
449 2328 523 2390 883.

381 2441 399 2524 p
422 2441 452 2501 8.
498 2434 567 2503 ὅταν
591 2438 717 2503 ε’νοινπίον
740 2447 792 2514 τῆς
817 2440 933 2510 ἐλπίδος
952 2443 1048 2508 κακῶς
1067 2437 1190 2518 retexo.
1214 2435 1329 2500 Mirum
1349 2435 1431 2500 illud

338 2549 462 2616 ἕνοιντδον
485 2555 537 2621 τῆς
561 2548 676 2622 ἐλπιδος
700 2549 771 2614 ferri
796 2572 884 2635 posse
907 2549 1028 2614 videtur
1051 2549 1077 2611 si
1098 2554 1193 2619 ιιοιιιιῗιο
1213 2549 1382 2613 omittatur.

383 2663 453 2745 84.
500 2659 599 2725 Katre
631 2658 718 2733 οὕτως
750 2661 884 2743 ἐνοχλεῖ,
916 2659 990 2726 ὥστε
1020 2659 1084 2742 περὶ
1115 2660 1252 2732 nestorea
1272 2661 1432 2736 ε’ποιιὶπιιτο

338 2773 427 2838 δοκεῖν
458 2772 527 2848 ἐμοῦ
559 2771 710 2846 adiectas,
739 2773 788 2837 κοιδ
817 2777 935 2851 μᾶλλον
958 2776 1030 2850 ἐμοῦ
1053 2779 1213 2838 acumen.
1260 2755 1430 2858 Postquam

337 2885 369 2946 in
394 2881 602 2967 superioribus
627 2903 732 2948 omnes
755 2884 887 2948 incusati
911 2894 984 2952 suut
1008 2885 1112 2962 amici,
1137 2884 1240 2948 subito
1264 2885 1302 2948 cd
1327 2885 1430 2969 εἰιιμιοὁ

338 2995 432 3058 larem
466 2994 615 3059 transitur
648 3017 824 3060 numerum.
871 2995 952 3060 Casu
988 2998 1037 3060 vix
1070 2997 1136 3065 fieri
1171 2997 1287 3082 potuit,
1311 3004 1346 3060 ut
1369 2997 1431 3060 tria

339 3107 482 3190 deinceps
513 3103 604 3168 verba
632 3105 762 3184 ἐνοχλεῖ.
795 3108 965 3184 morerere,
986 3108 1082 3186 taces
1110 3107 1217 3172 ‘eadem
1238 3107 1360 3170 ratione
1379 3106 1430 3170 dc·

339 3223 555 3302 pravarentur3
579 3237 636 3278 nee
659 3222 760 3280 tamen
784 3219 980 3284 correctionis
1005 3219 1069 3282 ulla
1091 3219 1170 3283 ratio
1194 3227 1247 3282 aut
1270 3236 1363 3282 eausa
1379 3241 1428 3303 ap·

339 3334 441 3412 paret,
466 3347 533 3390 cum
557 3325 728 3392 subiectum
746 3327 950 3406 desideretur,
968 3351 1029 3415 quo
1045 3331 1118 3394 haee
1134 3331 1282 3414 singulari
1299 3353 1429 3394 numero

340 3439 502 3505 enunciata
532 3439 719 3517 referantur,
750 3447 781 3504 et
804 3442 936 3526 pluralia
959 3443 1055 3506 multo
1079 3443 1215 3507 faciliora
1236 3443 1299 3505 sint
1323 3441 1360 3505 ad
1384 3442 1428 3504 iu-

340 3550 557 3634 tellegendum.
593 3548 697 3630 Quare
721 3552 893 3618 subiectum
917 3553 1063 3617 excidisse
1086 3554 1211 3639 opinor,
1236 3553 1319 3638 quud
1343 3555 1428 3616 resti

341 3663 387 3726 tui
411 3669 511 3745 potest
535 3667 655 3726 mutato
677 3658 769 3728 καίτοι
792 3664 824 3728 in
848 3665 899 3729 ιιονί
920 3689 975 3736 τις.
1022 3663 1220 3748 Consequens
1244 3671 1349 3728 estut
1372 3687 1426 3749 pro

340 3775 458 3853 ἐνοχλεῖ
486 3773 636 3838 scribatur
667 3775 809 3856 ἠνώχλει;
842 3777 874 3839 id
905 3778 1109 3841 necessarium
1140 3777 1214 3841 iere·
1234 3783 1281 3840 est
1304 3785 1428 3862 propter

340 3886 505 3959 incitauere.
552 3885 644 3950 iilum
676 3889 807 3952 amioum
837 3887 912 3952 dicit
942 3911 978 3952 eo
1002 3889 1061 3953 eibi
1084 3889 1185 3953 taedio
1210 3889 1320 3966 fuisse,
1345 3888 1427 3972 quod

341 3995 471 4080 speeiem
499 3997 649 4062 amicitias
677 4008 881 4083 praetexeret,
910 3999 1003 4084 idque
1027 3999 1102 4064 adeo
1125 4001 1237 4064 maiore
1261 4001 1365 4064 studio
1389 4001 1428 4064 s*-

341 4113 439 4183 ceret,
464 4129 556 4190 quam
579 4108 691 4194 reliqui
715 4118 902 4175 accusarent.
938 4111 977 4175 In
996 4111 1075 4175 hanc
1092 4112 1273 4176 sententiam
1290 4112 1428 4197 proxima

341 4215 426 4280 dicta
450 4217 544 4285 fuiese
567 4227 661 4304 puto,
686 4241 764 4304 quae
788 4221 826 4285 ab
850 4221 1017 4307 Emporio,
1028 4222 1144 4300 Balsio,
1162 4222 1286 4287 Reiskio
1302 4223 1427 4286 diversis

344 4327 515 4394 rationibus
538 4330 690 4396 emenda-ti
714 4340 797 4396 sunt.
844 4331 918 4396 Post
939 4335 1001 4414 erpi
1024 4335 1153 4404 πλείονοι
1177 4335 1332 4409 ἐποιήσαντο
1356 4335 1426 4397 elte-

341 4453 410 4507 rum
434 4441 518 4525 quod
542 4441 655 4508 dieitur
678 4442 848 4507 membrum
873 4445 1107 4529 comparationis
1129 4443 1234 4510 abesse
1257 4467 1319 4508 non
1340 4467 1426 4529 posse
