3074 5210
603 503 616 528 ‘
714 507 777 569 113

191 719 239 790 „a
263 707 350 773 nobis
374 706 553 792 petivissent
577 711 612 771 ut
634 727 688 769 vos
712 704 1015 771 condemnaremus.'’
1051 705 1112 771 Sed
1128 729 1191 770 nou
1207 727 1289 770 error

189 829 245 886 est
275 817 468 884 librariorum
503 817 556 902 qui
588 816 690 881 locum
715 816 899 882 obscuravit.
946 817 1052 881 Bonus
1078 819 1208 904 scriptor
1230 817 1288 881 hoc

187 931 322 1016 quidem
344 931 410 994 loco
433 951 489 1014 pro
512 929 634 993 eoristis
644 977 653 1007 ,
672 948 749 1012 quos
767 949 842 992 usus
859 927 1014 1013 postulat,
1031 951 1095 993 nou
1110 936 1289 1015 usurpasset

186 1041 371 1127 imperfecte
393 1043 610 1119 ἠγανακτεῖτε,
632 1038 756 1124 ἐδέοντο,
780 1039 867 1124 quasi
887 1062 935 1104 res
951 1040 1043 1104 etiam
1059 1048 1127 1105 tum
1143 1040 1288 1118 instaret,

185 1177 228 1218 ac
252 1154 290 1218 de
313 1152 441 1224 addducere
464 1172 527 1216 nou
552 1150 590 1215 de
618 1148 775 1234 δοκιμασίᾳ
795 1157 937 1236 ageretur
954 1151 1004 1235 (cf.
1022 1150 1119 1216 Meier
1135 1158 1166 1216 et
1181 1151 1290 1216 Schoe-

185 1287 303 1342 mann,
326 1287 356 1348 p.
382 1263 445 1324 222
471 1269 501 1326 et
525 1264 614 1348 205).

239 1377 256 1460 d
281 1377 310 1439 3.
357 1375 388 1440 τί
414 1371 438 1438 δ’
470 1372 507 1438 ἀν
539 1371 654 1455 αίσχιον
682 1373 739 1444 ἔθος
764 1372 780 1448 ή
804 1371 952 1454 δεινότερον
975 1376 1108 1454 πράνμα
1130 1373 1231 1439 τοθτου
1253 1383 1290 1456 τῇ

189 1489 282 1554 πθλει
312 1484 418 1565 γένοιτ)
428 1535 435 1562 ,
467 1488 490 1550 εί
513 1485 653 1565 τολμήσει
676 1485 689 1550 δ
712 1485 765 1563 μὲν
787 1483 888 1566 ἀρχαν
912 1485 942 1549 ἐν
965 1491 1031 1556 ταῖς
1055 1489 1110 1549 τῶν
1134 1484 1291 1565 ἐπικλήρων

189 1599 288 1670 δίκαις
314 1597 480 1676 ἀντιβολεῖν
507 1597 557 1661 καί
581 1595 718 1662 ἱκετεύειν
744 1597 810 1668 τοὺς
833 1595 976 1668 δικαστάς
999 1593 1016 1660 ί
1035 1620 1063 1660 τι
1086 1594 1123 1660 ἀν
1145 1593 1290 1673 βούληται

191 1710 382 1792 πραχθῆναι,
408 1708 420 1772 ὃ
444 1707 473 1772 δὲ
497 1706 688 1788 πολέμαρχος
711 1705 759 1772 καί
784 1707 809 1771 οί
832 1704 932 1770 ἕνδεκα
958 1705 1132 1791 [δεήσονται]
1156 1707 1185 1770 ἕν
1209 1707 1290 1790 [ταῖς

189 1819 304 1904 δίκαις]
336 1825 404 1890 ταῖς
433 1816 486 1899 ὑφ’
510 1819 618 1882 ἑαυτῶν
640 1817 861 1895 εἱςαγομέναις,
888 1814 996 1901 [ὥσπερ
1020 1816 1069 1882 καί
1093 1818 1171 1901 νῦν];
1203 1815 1291 1896 Quae

189 1931 287 1997 uncis
310 1929 422 1994 inclusi
445 1927 555 1992 melius
578 1927 707 2011 absunt,
732 1928 845 2013 quibus
869 1927 992 1992 omissis
1016 1927 1106 1992 initio
1121 1929 1292 2007 τολμήσειεν

189 2050 245 2108 est
268 2039 475 2106 scribendum.
521 2038 582 2102 Pro
606 2040 635 2102 ἕν
659 2045 726 2110 ταῖς
750 2037 821 2103 libri
844 2039 956 2116 ἐμβθς.

242 2155 315 2238 Μ.
361 2153 419 2233 χρή
448 2150 541 2215 τοίνυν
572 2150 620 2214 καί
649 2149 717 2230 ὑπὲρ
748 2150 826 2226 ὑμῶν
856 2153 950 2216 αὐτῶν
978 2152 1030 2226 τήν
1063 2152 1154 2226 αὐτήν
1175 2151 1293 2230 ννιθμην

187 2265 297 2344 ἔχειν,
329 2259 547 2339 ἐνθυμουμένους
570 2256 612 2325 dre
636 2260 712 2324 οὐδὲν
737 2259 831 2326 διοίσει
856 2262 935 2338 ὑμάς
954 2261 1011 2345 ίδίςι
1031 2261 1093 2341 περὶ
1113 2270 1166 2337 τῆς
1186 2266 1295 2344 ἀστρα-

186 2376 281 2446 τείας
304 2373 416 2451 βοηθεῖν
439 2373 455 2447 ή
479 2369 586 2436 τοθπιιν
608 2372 689 2444 τινάς
713 2372 822 2437 δεῖσθαι
847 2373 955 2446 αὐτοὺς
973 2375 1026 2448 τήν
1041 2380 1142 2457 ψῆφον
1154 2374 1292 2446 διδόντας.

186 2484 359 2550 Sententia
381 2482 549 2567 requiritur
572 2480 663 2546 haec:
687 2483 788 2561 ;,rati‚
810 2483 890 2547 nihil
906 2483 1045 2563 differre,
1062 2493 1168 2549 utrum
1184 2494 1293 2571 sponte

189 2621 276 2680 „vos
307 2583 406 2682 opem
426 2595 531 2659 ieratis
562 2594 704 2659 militiam
734 2593 994 2676 detrectantibus,
1029 2619 1067 2661 en
1085 2598 1221 2682 sociatis
1244 2596 1292 2660 his

191 2708 440 2790 „auctoritatem
471 2703 557 2770 suani
580 2706 869 2793 interponentibus,
895 2709 948 2794 qui
970 2709 1030 2795 ipsi
1054 2733 1107 2774 ros
1132 2711 1164 2774 in
1190 2709 1296 2773 suffra·

193 2820 277 2904 „gia
307 2819 423 2882 mittun
439 2816 468 2881 ‚³²
514 2815 671 2881 Postrema
693 2818 789 2902 igitur
814 2818 831 2894 ή
855 2820 961 2884 τούτων
984 2820 1093 2885 δεῖσθαι
1116 2820 1228 2884 clarius
1253 2820 1297 2884 sic

194 2929 364 2996 extrrlissct
384 2930 400 3005 ή
421 2929 528 2994 τούτων
546 2929 680 3007 δεομένων
706 2931 758 3012 (so.
778 2931 811 2994 τὸ
830 2929 901 2995 αὐτὸ
920 2938 1026 3007 ποιεῖν,
1044 2931 1107 3011 περὶ
1127 2933 1298 3014 erratuu-

190 3041 283 3113 τείας
306 3041 441 3126 βοηθεῖν).
482 3039 542 3104 Sed
565 3039 644 3104 nihil
666 3040 860 3104 mutandum.
918 3043 1006 3122 ’Ὑπὲρ
1032 3043 1109 3118 ὑμῶν
1132 3045 1227 3107 αὐτῶν
1251 3049 1298 3106 est

191 3153 262 3239 ipsi
286 3159 403 3217 vestrae
426 3152 661 3217 existimationis
686 3159 740 3216 aut
763 3151 860 3216 famae
884 3174 1043 3216 memores
1070 3152 1161 3236 “Ἰδία
1188 3175 1224 3217 ex
1247 3175 1299 3239 op·

192 3264 303 3352 posito
328 3271 454 3349 apparet
477 3286 557 3328 esse:
585 3265 768 3350 separatim,
794 3270 893 3328 vestro
917 3270 1031 3342 marte,
1057 3265 1179 3349 proprio
1203 3271 1297 3329 motu.

194 3375 250 3440 Of.
278 3374 329 3438 18.
354 3376 392 3452 2,
418 3373 472 3438 ubi
495 3373 566 3438 libri
589 3373 704 3439 hebent
726 3380 841 3440 πολλῶν
865 3375 921 3456 tatu
943 3377 1069 3453 ἀγαθῶν.

244 3487 263 3570 d
287 3488 316 3548 5.
362 3485 511 3565 σκέψασθε
540 3485 583 3569 δ’,
615 3482 635 3550 ὦ
665 3486 763 3567 ἀνδρες
794 3487 949 3572 δικασταί,
984 3487 1035 3553 ε’ἀν
1057 3486 1153 3552 ἱκανὸν
1176 3487 1298 3565 γένηται

193 3597 366 3678 τεκμήριον,
399 3593 441 3661 ὅτι
474 3596 563 3669 οὐδείς
585 3621 630 3662 πον
653 3602 709 3663 τῶν
732 3597 882 3678 ἀρχόντων
905 3599 934 3662 ἐν
957 3602 997 3681 τῷ
1021 3596 1204 3680 στρατοπέδῳ
1226 3600 1298 3662 ’Λλ-

193 3707 321 3789 κιβιάδή
343 3705 375 3783 ήν
399 3709 690 3789 παρεσκευασμένος,
714 3709 734 3773 i.
761 3732 786 3773 e.
811 3708 1001 3788 „videnum
1017 3709 1116 3773 ullurn
1134 3708 1297 3773 documen·

194 3827 293 3902 „tum
317 3820 413 3905 possit
436 3819 580 3898 inveniri,
607 3819 689 3884 unde
712 3814 857 3906 appareat
873 3821 966 3885 duces
982 3821 1135 3886 Alcibiadi
1157 3820 1299 3884 favisse.''

196 3930 268 4011 Qui
298 3930 342 3993 ite
372 3929 512 4013 loquitur
543 3953 607 3994 rem
638 3930 763 3995 dubiam
797 3930 872 3996 dicit
902 3954 964 3996 non
988 3932 1077 3996 facile
1101 3939 1183 3996 certo
1207 3931 1299 3995 docu-

195 4047 308 4108 mento
338 4040 501 4126 probatum
530 4041 586 4120 iri3
611 4041 669 4107 hoc
693 4042 761 4106 loco
785 4045 950 4109 asseverari
974 4042 1122 4121 debebat,
1148 4042 1185 4107 ab
1208 4043 1297 4105 initio

196 4150 326 4218 nullum
370 4149 525 4216 studuisse
562 4151 726 4216 Alcibiadi.
775 4153 877 4218 Verba
908 4155 959 4218 ε’ἀν
989 4193 1035 4204 -
1065 4179 1152 4231 τεκμ.
1187 4153 1297 4217 melius

199 4263 359 4329 abessent.

251 4376 321 4459 §b
368 4375 456 4457 ε’χρήν
486 4376 545 4456 γοδς
572 4377 695 4455 αὐτοὺς,
720 4380 948 4443 -ἀνακαλεῖν
972 4380 1026 4456 μὲν
1048 4378 1218 4459 Πάμφιλον.
1258 4373 1297 4438 In

204 4488 257 4550 ius
289 4507 395 4550 vocare
427 4493 473 4552 est
500 4487 757 4572 ἀνακαλέσασθαι,
787 4511 849 4552 nou
872 4489 1042 4554 ἀνακαλεῖν.
1089 4486 1162 4551 Non
1185 4487 1299 4550 iniuria

1181 4604 1197 4657 8
