3074 5210
644 495 720 558 187·

123 693 176 756 bus
211 693 277 756 vid.
311 692 595 782 Xenophon-Heli.
624 692 675 754 IV.
703 697 731 755 u.
757 695 799 754 24
824 703 854 754 et
879 690 915 754 V.
949 695 971 753 Ι.
1004 694 1058 767 10,
1084 712 1210 774 quarum

17 875 18 890 χ
121 804 171 867 illa
202 803 242 866 ad
276 803 323 870 01.
348 804 478 869 XCVII.
504 809 542 882 3,
567 805 641 868 haec
664 803 702 866 ad
727 802 874 866 chsst.
904 805 917 865 1
945 803 1089 878 refertur,
1114 809 1213 888 poste·

119 915 229 978 riorem
257 939 277 978 a
299 916 389 1002 Lysia
411 916 591 1000 significari;
617 939 685 980 nam
710 915 787 980 hanc
811 915 979 980 orationem
995 913 1130 978 habitam
1149 935 1213 975 esso

116 1027 164 1090 01.
199 1025 352 1090 XCVIII.
388 1030 401 1089 1
432 1034 484 1118 aut
509 1029 527 1088 2
553 1033 673 1090 constat
696 1027 747 1107 (cs.
773 1029 788 1110 1
813 1027 853 1089 511
878 1047 947 1089 curn
971 1023 1050 1088 Xon.
1077 1017 1157 1087 HalI.
1175 1021 1212 1087 V.

120 1142 145 1200 1.
172 1141 230 1223 25)
259 1140 280 1203 i.
303 1163 328 1204 e.
355 1162 434 1203 anno
458 1149 512 1202 aut
535 1137 657 1202 biennio
675 1149 743 1224 post
759 1161 850 1222 quam
866 1133 1212 1222 Plutus-Aristophanis

117 1257 183 1314 acta
208 1257 271 1313 est.
316 1247 425 1333 Neque
449 1249 536 1314 obest
559 1249 642 1333 quod
665 1251 681 1334 q
706 1251 746 1310 28
771 1255 802 1312 et
826 1271 888 1333 seq.
906 1247 1019 1312 dicitur
1035 1247 1213 1331 Aristopha-

115 1385 167 1425 nes
200 1361 388 1448 Nicophemi
419 1362 502 1425 filins
531 1339 657 1445 quatuor
680 1366 880 1444 autquinque
903 1360 991 1424 arinis
1014 1367 1084 1444 post
1107 1356 1213 1422 liubu-

115 1472 209 1536 lidem
236 1473 318 1536 arch.
343 1472 363 1537 i.
390 1496 415 1536 e.
440 1471 489 1536 Ol.
515 1471 627 1536 XCVI.
658 1476 694 1548 3,
720 1495 797 1556 quae
821 1471 977 1536 habuisset
999 1469 1210 1554 acquisivisse,

116 1607 213 1667 quum
244 1585 326 1648 inter
353 1584 434 1648 huno
458 1607 573 1648 annum
597 1595 627 1649 et
650 1583 700 1648 Ol.
726 1583 875 1648 XCVIII.
903 1587 919 1646 1
944 1607 1000 1648 νεα
1024 1583 1096 1648 anni
1120 1583 1213 1646 inter·

117 1696 187 1759 sint.
232 1694 372 1759 Oratoris
396 1697 478 1760 enim
501 1696 555 1760 illo
572 1695 639 1759 loco
656 1695 783 1760 interest
799 1703 920 1780 tempus
936 1697 1072 1758 minuere
1082 1719 1090 1771 ;
1108 1693 1212 1776 itaque
1290 1673 1298 1690 ’

118 1827 188 1890 pro:
217 1810 350 1892 amplias
372 1811 499 1890 quaeque
523 1812 609 1872 οπκνό
633 1809 714 1890 (nam
733 1811 820 1892 pleni
834 1829 885 1870 sex
902 1807 974 1870 anni
989 1805 1132 1868 intersint
1147 1826 1209 1867 non

118 1940 242 1981 necesse
277 1921 332 2003 est)
360 1919 465 2003 posuit
487 1925 614 2002 quatiar
638 1925 837 2002 autquinque
860 1921 899 2002 (ἐν
921 1919 1074 1996 τέτταρσιν
1093 1919 1109 1992 ἢ
1132 1915 1211 1980 πέντ’

14 2105 15 2110 ¹
119 2027 233 2113 ἔτεσιν).
271 2028 408 2093 Eandem
425 2031 607 2094 sententiam
628 2029 759 2108 Bakius‚
777 2029 829 2094 sed
846 2029 905 2093 alio
924 2051 997 2092 usus
1014 2037 1210 2113 argumento,

59 2169 63 2178 ·
119 2138 261 2204 defendit
285 2141 306 2204 1.
330 2141 350 2203 1.
376 2164 405 2224 p.
435 2143 506 2218 197,
531 2163 596 2226 sqq.

162 2251 212 2316 De
241 2252 450 2337 singularibus
475 2253 658 2337 quibusdam
682 2253 756 2317 locis
780 2253 854 2316 haec
878 2252 1019 2317 addenda
1041 2261 1124 2315 sunt.

162 2365 180 2448 d
205 2367 237 2427 8.
287 2364 333 2428 De
356 2362 460 2427 liberis
484 2364 715 2449 Aristophanis:
739 2365 824 2429 ἀλλὰ
846 2364 895 2428 καὶ
920 2361 936 2439 ἢ
957 2363 1117 2432 ὑπόλοιπος,
1130 2360 1213 2432 ἐλπὶς

123 2467 169 2547 b,
205 2475 264 2538 ὑπὸ
296 2480 346 2539 τοῦ
378 2475 504 2540 ποθππον
535 2477 731 2558 ἐκτραφῆναι,
761 2477 789 2539 ἐν
819 2472 890 2540 οὕτω
922 2475 999 2555 δεινῷ
1030 2474 1213 2545 καθέστηκεν.

121 2582 193 2648 Non
218 2593 344 2650 tantum
366 2595 506 2649 mortuus
531 2594 595 2650 erat
617 2585 843 2671 Nicophemus‚
869 2585 921 2650 sed
945 2585 1036 2649 otiam
1060 2593 1214 2648 maternus

124 2692 294 2761 liberorum
317 2719 406 2774 avus,
431 2697 469 2760 cf.
493 2699 581 2782 162.
616 2695 689 2760 Non
713 2703 853 2782 poterant
868 2697 973 2780 itaque
988 2696 1054 2761 ὑπὸ
1069 2701 1119 2760 τοῦ
1135 2694 1216 2760 παπ-

123 2827 176 2868 που
200 2807 392 2891 ἐκτρέφεσθαι
416 2808 469 2873 aed
491 2811 529 2874 ἐκ
553 2815 618 2873 τῶν
635 2815 696 2880 ,τοῦ
720 2835 752 2874 π.
801 2810 961 2874 Actionem
984 2809 1016 2872 in
1038 2807 1141 2873 dotem
1157 2831 1216 2873 ma·

123 2917 176 2980 tris
210 2907 390 3004 institutam
421 2921 532 2999 fuisse,
557 2944 636 3006 qnae
659 2922 773 2987 iniuria
796 2943 866 2986 cum
889 2921 1105 3006 Aristophanis
1129 2919 1217 2985 bonis

125 3038 203 3094 esset
227 3030 405 3116 publicata,
429 3033 498 3096 iuro
521 3033 594 3096 hinc
617 3032 709 3097 efficit
732 3032 848 3096 Bakius
872 3055 901 3118 p.
927 3035 1001 3096 214.

166 3143 184 3226 d
211 3145 265 3205 10.
312 3145 354 3218 μὴ
378 3138 424 3208 οὖν
447 3146 761 3223 προκαταγιγνώσκετε
783 3144 896 3208 ἀδικίαν
919 3151 969 3208 τοῦ
993 3144 1032 3214 εἰς
1056 3143 1142 3205 αὑτὸν
1166 3141 1219 3218 μὲν

124 3260 214 3333 μικροὶ
235 3255 436 3337 δαπανῶντος,
459 3255 525 3333 ὑμῖν
546 3256 575 3318 δὲ
594 3257 693 3320 πολλοὶ
712 3254 776 3319 καθ’
793 3251 914 3320 ἕκαστον
930 3253 978 3318 τὸν
990 3252 1133 3334 ἕνιαντθν,
1147 3251 1218 3316 ἀλλ’

126 3359 180 3428 θσοι
200 3365 296 3432 κ.τ.ἓ.
328 3365 499 3450 8111131111ε
515 3367 663 3431 indicavit
679 3367 796 3452 aliquid
812 3365 862 3429 hic
878 3365 980 3430 deesse
996 3365 1219 3450 ροε1ἐνιοοντθν.

126 3471 185 3539 Oui
208 3484 247 3540 111
271 3479 419 3541 assentiar
441 3479 514 3542 facit
538 3501 600 3542 non
624 3486 746 3542 tantum
769 3478 847 3542 dura
868 3478 952 3541 verbi
970 3478 1001 3541 in
1017 3477 1113 3540 altero
1128 3497 1220 3539 mem·

127 3583 180 3649 bro
213 3589 338 3652 omissio
368 3589 420 3653 sed
449 3591 540 3655 etiam
568 3599 740 3655 structurae
765 3591 909 3668 varietas,
934 3589 1037 3652 dativo
1061 3588 1128 3664 ὑμῖν
1151 3592 1221 3670 post

127 3699 165 3766 εἷο
198 3699 287 3764 αὑτθν
314 3700 417 3780 illato,
449 3724 540 3786 quam
565 3703 621 3766 hoo
646 3702 712 3766 loco
735 3701 963 3786 perspicuitatis
987 3720 1077 3764 causa
1100 3703 1219 3773 orator,

129 3815 163 3871 111
186 3812 314 3896 opinor,
339 3813 506 3876 vitavissat.
554 3813 666 3877 Levam
690 3813 842 3897 quandam
867 3812 958 3876 habet
973 3811 1220 3892 οὶνακθσκω1θνα-

129 3922 287 4007 λθσαντος)
311 3924 604 3988 commendationem
628 3947 664 3987 ex
688 3923 889 3989 similitudine
913 3924 1121 4010 proximarum
1140 3920 1220 3984 litte-

130 4052 233 4099 rarum
257 4036 428 4119 (AAAOC).
476 4034 535 4098 Sed
557 4035 656 4100 multa
680 4034 739 4098 alia
761 4043 832 4119 apta
855 4041 956 4098 essent
980 4055 1058 4117 quae
1081 4032 1219 4095 dativum

132 4147 233 4210 solent·
253 4146 419 4210 adsciscere
448 4153 484 4210 ut
513 4153 704 4228 λειτουργεῖν,
733 4147 882 4227 εἰσφέρειν,
909 4146 1070 4223 ὑπουργεῖν.
1119 4144 1219 4206 Acnte

133 4251 284 4322 Siniterns
307 4261 372 4323 καθ’
397 4259 444 4324 ἕκ.
469 4261 583 4332 δοντὸς
607 4261 645 4324 ε’ν.
692 4257 851 4322 Vocabuia
872 4257 904 4320 in
928 4255 1085 4319 codicibus
1109 4253 1219 4337 Lysiae

136 4387 202 4432 cum
219 4369 292 4434 alibi
308 4372 419 4434 omissa
439 4380 505 4435 tum
523 4371 603 4434 infra
621 4373 637 4455 q
658 4374 715 4434 al:
736 4373 767 4435 οθ
787 4370 846 4447 pap
865 4369 948 4445 μόνον
968 4368 1007 4437 εἰς
1019 4366 1074 4437 τοις
1087 4371 1216 4439 ναῦς...,

136 4478 217 4545 anat
248 4483 297 4546 καὶ
320 4483 495 4557 πελταστὰς
523 4484 714 4562 ἐμισθώσαντο
737 4483 785 4546 καὶ
810 4481 890 4548 data
913 4481 1062 4561 ἐπρίαντο,
1087 4477 1142 4541 ubi
1165 4483 1219 4540 aut
