3128 5208
699 478 739 539 41

167 677 245 748 ἐμοῦ
269 674 352 754 λθβιρ
375 678 423 739 οὐκ
447 675 620 754 αἰσχύνεται
644 699 669 738 κ.
692 699 718 738 τ.
743 678 765 740 ἐ.
807 674 899 740 Nune
918 697 989 738 vero
1006 697 1083 759 quae
1100 676 1261 760 leguntur:

167 785 246 850 ὥστε
279 789 330 852 οὐκ
360 786 533 866 αἰσχύνεται
564 788 685 867 τραῒιμοό
714 786 742 851 τ’
766 786 909 868 όνομθζων
931 788 972 852 τα
996 788 1113 852 ὑπώπια
1137 811 1163 852 κ.
1187 811 1215 850 τ.
1240 788 1263 851 ἐ.

168 896 266 960 nimis
299 897 388 961 exilia
412 905 485 961 sunt
509 905 578 982 post
602 920 691 982 grave
714 898 793 963 illud
818 898 942 963 verbum
968 898 1208 978 βαρυδαιμονίας.

217 1007 295 1070 Post
318 1009 335 1092 q
360 1010 397 1070 ll
431 1006 535 1071 deesse
568 1008 715 1092 quaedam
739 1009 817 1074 vidit
840 1010 899 1072 iam
923 1009 1104 1088 Scheibius3
1129 1031 1198 1072 nam
1217 1033 1264 1072 τε·

167 1118 298 1198 αμκρίιον
319 1126 350 1180 οι
368 1125 542 1200 μαρτυριῶν,
563 1121 676 1205 quaet
704 1123 741 1183 la
762 1127 985 1198 memorantur,
1007 1122 1039 1185 in
1057 1119 1263 1206 superioribus

167 1251 228 1292 neo
264 1229 334 1293 vola
368 1238 414 1293 est
449 1252 504 1293 neo
538 1230 710 1316 vestigium.
739 1230 915 1312 ¹Quaedam
948 1233 1036 1296 etiam
1069 1232 1189 1296 brevius
1221 1230 1264 1294 ibi

168 1348 466 1420 commemorantur,
491 1364 569 1426 quae
592 1353 718 1428 apparet
741 1343 840 1408 fusius
864 1365 957 1428 supra
979 1344 1073 1407 relata
1089 1343 1199 1420 fuisse,
1216 1365 1263 1406 ve-

167 1451 233 1515 luti
257 1475 328 1516 eum
351 1452 434 1516 dicat
456 1452 498 1519 ἔτι
523 1454 550 1519 δέ
578 1456 728 1538 (κατεῖπεν
744 1453 792 1540 θον)
809 1456 833 1518 εἰ
849 1454 1114 1538 μεταπεμφθέντες
1130 1454 1262 1531 ἤλθομεν,

168 1571 301 1647 apparet
324 1563 446 1628 finxisse
469 1587 553 1629 reum
579 1589 610 1629 se
633 1565 671 1630 ab
687 1571 788 1638 actore
804 1565 898 1628 fuisse
915 1565 1092 1629 arcessitum
1110 1565 1158 1648 (ei.
1175 1565 1192 1648 t
1211 1567 1264 1647 15)

167 1696 236 1737 non
268 1681 376 1759 sponte
408 1677 540 1754 venisse,
573 1676 606 1740 id
638 1676 721 1761 quod
755 1676 788 1740 in
818 1677 992 1741 narratione
1023 1676 1121 1740 fusius
1153 1675 1263 1758 exponi

168 1785 292 1850 debuit.
339 1785 399 1850 Sed
431 1810 466 1851 ea
496 1788 658 1852 omissione
690 1795 760 1852 ante
791 1790 807 1873 t
832 1790 871 1850 la
905 1787 996 1851 semel
1030 1786 1110 1850 facta
1132 1786 1170 1850 ad
1194 1785 1264 1849 illu·

169 1896 300 1960 stranda
330 1906 362 1962 et
392 1899 564 1985 supplenda
595 1899 649 1962 illa
680 1922 758 1983 quae
790 1898 1009 1982 sequebantur,
1034 1919 1115 1961 nuno
1139 1897 1263 1982 quidem

169 2007 353 2088 obscurata,
379 2009 528 2095 quaedam
552 2009 589 2074 ab
612 2011 779 2097 interprete
803 2009 935 2093 quodam
960 2008 1064 2074 addita
1088 2031 1152 2073 esse
1175 2017 1261 2094 puto.

168 2119 276 2184 Verba
306 2129 380 2184 sunt
411 2105 501 2185 haee:
525 2119 596 2198 αξιοι
620 2121 643 2185 δ’
659 2119 721 2185 θοον
743 2120 779 2185 διν
803 2121 916 2196 ἐγένετο
940 2127 1056 2195 ταμεῖον
1079 2121 1171 2200 τούτῳ
1195 2121 1262 2201 πρὸς

167 2232 204 2295 τὸ
229 2232 319 2296 δοκεῖν
350 2232 442 2307 ἀλαθῆ
472 2232 569 2309 λέγειν
594 2231 752 2318 [Φυγόντος
776 2234 846 2308 ἐμοῦ
868 2233 920 2297 τὴν
944 2229 1104 2316 βοθοανον],
1129 2237 1261 2296 τοιοῦτον

167 2341 235 2419 ἐμοὶ
267 2345 417 2425 τεκμήριον
447 2343 578 2420 γενέσθαι
606 2341 649 2408 ότι
680 2345 710 2407 οὐ
734 2343 895 2423 ψεύδομαι,
921 2343 1004 2428 [διότι
1028 2339 1106 2416 οὗτος
1129 2345 1179 2407 οὐκ
1203 2341 1263 2416 aot-

168 2469 262 2528 λαοευ
286 2455 559 2536 tertrametro
583 2457 754 2531 ποιήσασθαι
778 2455 826 2520 τόν
849 2455 1006 2540 daemon]
1030 2455 1079 2519 καὶ
1104 2456 1145 2531 μὴ
1165 2459 1263 2519 τοσοῦ·

169 2589 222 2630 του
244 2568 370 2646 ἰσχῦσαι
394 2569 460 2638 τοὺς
481 2567 583 2632 τούτου
605 2565 710 2643 λόγους
734 2565 776 2630 ότι
799 2567 889 2648 φασιν
912 2567 1003 2639 αὐτὴν
1019 2565 1165 2646 ἐλευθέραν
1180 2561 1262 2629 εἶναι.

170 2677 213 2740 In
236 2677 274 2740 iis
298 2699 377 2762 quae
401 2676 579 2740 exciderunt
602 2677 716 2740 mentio
740 2683 804 2740 erat
827 2677 906 2740 sacta
930 2676 967 2740 de
983 2677 1094 2741 aneilla
1110 2676 1147 2741 ab
1163 2683 1264 2740 actore

172 2788 213 2852 ad
250 2789 460 2872 quaestionem
495 2796 648 2866 recusata,
681 2795 712 2852 et
743 2811 778 2852 ea
809 2811 887 2874 quae
918 2811 1010 2875 supra
1041 2790 1142 2875 posita
1173 2799 1263 2868 sunt,

173 2900 295 2964 omissis
327 2898 443 2977 verbis,
477 2921 555 2983 quae
582 2899 669 2962 unois
693 2899 822 2990 inolusi,
847 2900 920 2963 satis
944 2908 1028 2964 erant
1051 2901 1212 2986 perspicua
1234 2909 1265 2965 et

174 3011 277 3096 plana.
325 3009 473 3075 Periodus
507 3018 608 3075 autem
638 3018 673 3074 ut
702 3033 785 3074 nuno
816 3012 908 3095 vulgo
939 3011 1068 3095 legitur,
1101 3021 1147 3075 est
1173 3011 1263 3075 nimis
1320 3072 1324 3078 ,

174 3129 301 3187 onerata
324 3129 355 3187 et
378 3122 456 3186 male
480 3123 599 3199 vineta3
624 3143 694 3185 nam
718 3122 786 3187 διότι
810 3144 865 3207 pro
889 3120 930 3186 ότι
954 3122 1115 3205 aliquoties
1139 3124 1177 3186 ab
1201 3123 1264 3187 Iso-

175 3241 257 3297 crate
280 3240 350 3318 post
373 3233 463 3297 verba
486 3232 656 3313 θαυμαζειν,
680 3233 876 3311 ἐνθυμεῖσθαι,
901 3237 1005 3308 γνῶναι
1025 3233 1159 3317 positum
1176 3234 1264 3318 (Beu-

175 3345 268 3423 seler,
301 3345 393 3430 praef.
418 3344 449 3422 I,
474 3366 504 3429 p.
529 3347 557 3429 v)
589 3343 698 3429 Lysiae
729 3365 791 3407 non
822 3343 1056 3407 adscribendum
1088 3351 1150 3420 est,
1180 3345 1262 3430 apud

176 3480 268 3540 quem
291 3456 399 3520 merito
422 3456 598 3520 restitutum
625 3459 674 3518 lo.
695 3458 710 3520 7
735 3462 840 3532 γνῶναι
861 3454 903 3520 ότι
920 3477 974 3540 pro
991 3455 1069 3520 διότι.
1104 3454 1263 3520 Praeterea

175 3568 345 3631 infinitivus
368 3567 491 3646 ἰσχῦσαι
515 3563 585 3652 post
607 3566 698 3630 verba
720 3566 787 3631 διότι
812 3604 856 3615 -
879 3566 926 3630 τὸν
952 3565 1102 3647 ἔλεγχον,
1122 3566 1181 3630 alio
1196 3566 1262 3630 infi-

175 3677 271 3741 nitivo
303 3678 498 3762 (ποαὶοαοθαι)
528 3677 726 3763 interposito,
762 3678 863 3742 minus
895 3678 1051 3742 commode
1087 3700 1156 3742 oum
1190 3675 1260 3752 ἀξιῶ
1357 3698 1359 3700 ·

174 3790 323 3874 iungitur.
358 3789 405 3854 Do
429 3789 639 3853 emendatione
663 3797 885 3875 postremorum
910 3789 1129 3854 vocabulorum
1148 3787 1189 3854 ότι
1205 3800 1262 3870 Φα-

175 3900 218 3963 οίν
248 3921 311 3964 non
339 3901 420 3986 apud
441 3924 490 3965 me
510 3909 646 3980 oonstat;
671 3901 798 3965 fortasse
821 3900 985 3986 legendum
1007 3899 1055 3965 ότε
1071 3899 1169 3980 φησιν.
1201 3899 1261 3963 Sed

176 4009 331 4094 aliquanto
363 4013 491 4076 certiora
518 4013 555 4076 de
587 4013 731 4098 proximis
762 4019 894 4076 statuere
925 4033 1106 4096 possumus:
1138 4011 1260 4088 ὁμοίως

175 4123 242 4200 γαρ
274 4125 437 4202 προςήκει
469 4125 578 4200 καμοὶ
608 4133 674 4199 τῆς
705 4123 923 4202 ἐλευθερίας,
955 4122 993 4186 τὸ
1023 4121 1081 4186 ἴσον
1107 4121 1259 4187 καταθέντι

177 4235 315 4315 οὶργόριον.
347 4237 431 4300 θλλόι
461 4236 600 4316 ψεύδεται
624 4236 673 4300 καὶ
698 4238 747 4301 οὐκ
770 4235 862 4309 οέλιρθῆ
885 4233 983 4311 λέγει,
1008 4255 1086 4318 quae
1109 4255 1171 4297 non
1194 4255 1261 4318 pos·

178 4355 249 4408 aunt
273 4345 357 4410 aliud
382 4347 551 4431 significare
574 4370 682 4432 quam:
708 4370 778 4411 nam
803 4368 858 4430 ego
882 4367 976 4429 aeque
998 4344 1173 4430 „particeps
1192 4367 1260 4408 sum

179 4455 379 4534 „libertatia”
419 4456 456 4521 Id
488 4480 558 4522 vero
589 4458 678 4544 plane
710 4458 853 4522 alienum.
899 4455 1078 4541 Legendum
1110 4463 1162 4530 τῆς
1184 4458 1259 4521 απε-
