3126 5210
842 453 903 514 180

318 656 435 735 μεῖζον,
465 655 608 734 ύμαρτεῖν
633 662 739 727 πιστῆς
762 658 894 735 οῖλθχονς
919 662 949 718 et
972 655 1083 720 Aeson.
1109 659 1167 742 Ag.
1194 664 1417 747 601ισιραρ

317 765 433 842 γυναικὶ
463 766 564 830 τούτου
593 766 710 846 Φὲγγος
734 763 806 840 ἥδιον
828 765 954 844 δρακεῖν,
977 767 1039 830 οὶπὸ
1062 770 1219 845 στρατείας
1242 769 1333 854 ἄνδρα
1358 800 1416 838 σιο-

316 875 423 946 σύντος
446 877 507 938 θεοῦ
531 875 629 946 πύλας
653 872 784 952 οῖνοῖξαις
809 873 864 938 ubi
888 874 941 957 qui
965 897 1065 959 nuper
1088 876 1187 941 edidit
1209 880 1417 964 Agamemno·

317 1007 388 1048 nem
412 985 592 1069 (Aeschylos
617 986 675 1068 Ag.
701 984 755 1048 Gr.
781 1007 812 1048 u.
837 983 976 1048 Deutsch
1000 1007 1061 1049 von
1085 986 1125 1052 K.
1143 987 1184 1051 H.
1201 988 1306 1068 Keck,
1323 990 1413 1075 Lips.

320 1096 417 1178 1863)
441 1092 526 1157 dedit
547 1092 628 1170 οῖνοθξ
609 1092 663 1171 ξριο
689 1094 742 1157 scd
765 1095 919 1175 Φέγγοςῖ
919 1117 979 1179 κιο,
1001 1098 1148 1178 quodcum
1171 1105 1232 1175 cst,
1255 1121 1318 1162 non
1334 1102 1413 1164 dics.

318 1203 397 1268 Cum
420 1204 529 1288 Lysiae
552 1204 620 1269 loco
644 1204 737 1268 cru.
708 1207 824 1269 2ε73
848 1205 1001 1286 τθγαρ
984 1231 1021 1269 αν
1041 1207 1149 1271 τούτων
1167 1208 1345 1300 ἀνιαρότερον
1361 1209 1415 1285 γε’-

316 1339 401 1390 νοιτο,
434 1315 451 1390 ἢ
478 1324 571 1379 τεκεῖν
602 1316 656 1393 μὲν
683 1315 733 1380 καὶ
766 1315 885 1396 θρέψαι,
910 1340 938 1380 κ.
963 1340 992 1381 τ.
1017 1318 1038 1380 ἑ.
1077 1320 1127 1380 10.
1154 1319 1213 1380 28ι
1237 1319 1268 1383 τι’
1289 1320 1349 1398 γθορ
1373 1343 1413 1382 αν

316 1425 417 1489 τούτου
448 1424 626 1504 ἀνιαρότερον
656 1423 761 1500 γε’νοιτ
795 1426 892 1505 αύτῷ,
926 1425 942 1500 ἢ
966 1426 1099 1490 τεθνύναι
1121 1426 1175 1504 μὲν
1199 1428 1253 1492 ὑπὸ
1276 1432 1332 1491 τῶν
1355 1431 1412 1508 ε’χ-

315 1535 399 1613 θριῦν,
423 1558 450 1599 κ.
474 1558 503 1599 τ.
528 1535 551 1599 ἓ.
598 1533 678 1597 Plat.
704 1532 780 1597 Grit.
805 1537 860 1598 44.
885 1533 939 1598 O.:
964 1536 1008 1605 τίς
1032 1534 1068 1598 θον
1091 1535 1279 1621 αἷσχθοονζεῖη
1297 1519 1411 1612 ταύτης

314 1642 385 1719 δθξα
409 1645 425 1719 ἢ
448 1643 537 1707 δοκεῖν
563 1645 712 1724 χρήματα
738 1643 804 1723 περὶ
829 1645 957 1715 πλείονος
980 1645 1119 1708 ποιεῖσθαι
1144 1647 1161 1718 ἢ
1186 1648 1309 1727 Φίλονςς
1332 1646 1408 1710 Eur.

315 1752 435 1816 Hereol.
468 1755 547 1817 297ι
577 1757 627 1818 οῦκ
657 1754 719 1818 ἔστι
745 1755 827 1818 τοῦδε
855 1755 939 1818 παισὶ
973 1754 1092 1818 κύκλιον
1122 1755 1227 1835 γέρας,
1257 1757 1274 1832 ἢ
1298 1757 1409 1837 πατρὸς

314 1865 414 1927 ἐσθλοῦ
444 1865 577 1940 κοὶγαθοῦ
607 1863 781 1943 πεφυκέναι.
828 1862 980 1945 (Bromius
1012 1863 1051 1926 ed
1081 1863 1112 1927 h.
1136 1863 1158 1926 l.
1183 1871 1214 1927 et
1237 1864 1343 1928 Herm.
1369 1864 1409 1928 od

313 1970 406 2055 Soph.
441 1972 513 2035 Ant.
540 1974 623 2037 1077
655 1971 692 2036 de
720 1973 776 2035 hac
800 1972 1030 2035 constructione
1053 1969 1182 2037 laudent
1205 1972 1349 2037 Faesium
1373 1975 1407 2037 in

315 2079 445 2145 Seebodi
476 2081 565 2145 Misc.
598 2081 674 2145 Crit.
700 2081 770 2146 Vol.
802 2081 854 2157 II,
887 2090 973 2164 parte
1005 2079 1062 2144 IV.
1087 2104 1116 2165 p.
1144 2084 1218 2160 707,
1244 2104 1305 2165 quo
1328 2082 1407 2148 libro

315 2191 361 2253 uti
392 2190 468 2253 mihi
496 2213 558 2254 non
583 2191 693 2274 licuit).
740 2190 801 2254 Sed
824 2189 912 2254 nullo
937 2190 1004 2253 loco
1027 2191 1115 2253 iuxta
1137 2191 1239 2274 posite
1261 2199 1334 2256 sunt
1358 2192 1408 2256 de·

314 2301 548 2364 monstrativum
580 2307 611 2363 et
641 2302 676 2376 ἤ,
709 2299 761 2363 sed
792 2300 908 2382 ubique
938 2300 1057 2375 τούτου,
1089 2301 1200 2374 ταύτης
1223 2309 1406 2386 praeparent

315 2411 402 2494 quasi
435 2410 566 2475 alterum
596 2411 768 2475 membrum
792 2410 1045 2494 comparationis,
1071 2410 1155 2494 quod
1178 2410 1297 2494 aliquot
1320 2433 1407 2475 uoce-

313 2520 395 2584 bulis
418 2521 600 2584 intermissis
624 2520 749 2584 demum
772 2521 920 2603 sequitur.
960 2519 1029 2582 Hoc
1052 2519 1120 2582 loco
1136 2521 1243 2584 τούτων
1258 2524 1328 2604 (pro
1344 2543 1405 2606 quo

313 2635 470 2712 praeterea
494 2636 650 2713 exspectes
673 2628 786 2711 τούτου)
811 2627 951 2692 abundet
976 2635 1006 2691 et
1029 2627 1236 2692 omittendum
1260 2636 1315 2692 est.

356 2740 448 2821 btd.
495 2739 544 2801 uui
576 2741 607 2802 οῦ
637 2739 768 2818 πρότερον
792 2738 959 2802 ἐπαύσαντο
983 2738 1254 2820 (συκοφαντοῦντες)
1278 2734 1331 2809 ἕως
1354 2740 1405 2812 τὴν

312 2849 365 2924 μὲν
389 2848 472 2912 πόλιν
494 2849 534 2918 εἰς
557 2848 677 2919 στύσεις
700 2849 749 2912 καὶ
772 2851 830 2919 τοῖς
852 2847 1002 2924 μεγίστας
1026 2849 1113 2930 (num
1136 2871 1183 2912 στ.
1206 2872 1235 2912 τ.
1260 2871 1295 2925 μ.
1319 2845 1400 2930 καῖΡ)

311 2958 465 3038 συμφορὰς
496 2958 695 3039 κατέστησαν,
729 2957 810 3021 αὐτοὶ
841 2957 867 3020 δ’
890 2958 922 3020 ε’κ
946 2957 1074 3031 πενήτων
1102 2955 1230 3020 πλούσιοι
1255 2957 1402 3038 ἐγένοντο,

310 3067 392 3143 ὑμεῖς
416 3065 439 3128 δ’
462 3063 533 3132 οῦτοι
556 3066 708 3142 διετέθητε.
756 3065 806 3129 Sic
835 3064 1111 3150 distinguendum,
1143 3072 1179 3128 ut
1203 3065 1296 3130 etiam
1319 3065 1402 3140 ὑμεῖς

309 3173 333 3238 δ’
364 3172 435 3239 οῦτοι
466 3175 608 3250 διετέθητε
639 3175 677 3239 ab
707 3173 759 3246 ἕως
791 3173 963 3258 pendeant;
988 3196 1051 3237 non
1075 3174 1156 3237 enim
1180 3171 1334 3257 quomodo
1358 3173 1404 3237 in·

309 3284 396 3347 terim
429 3285 530 3348 affecti
560 3284 692 3348 fuissent
722 3283 948 3361 Athenienses,
981 3284 1035 3348 sed
1066 3306 1128 3369 quo
1159 3283 1285 3348 tandem
1309 3303 1403 3366 opere

308 3393 439 3456 istorum
469 3392 585 3457 redacti
616 3399 735 3469 essent,
768 3393 801 3455 in
832 3391 1032 3476 sequentibus
1056 3391 1212 3455 describit.
1248 3391 1326 3462 Τοὺς
1350 3391 1403 3468 μὲν

310 3501 380 3584 (γύρ
412 3501 481 3564 fort.
513 3500 599 3585 edd.)
622 3501 792 3582 φεύγοντας
815 3499 1028 3576 κατεδέξασθε,
1053 3501 1119 3572 τοῦς
1143 3501 1169 3564 δ’
1191 3500 1316 3578 οὶτθμονς
1341 3501 1402 3563 ε’πι·

307 3612 409 3687 τθμονς
437 3611 608 3684 ἐποιήσατε,
639 3617 699 3681 τοῖς
726 3611 752 3674 δ’
775 3610 878 3682 ἄλλοις
911 3611 974 3690 περὶ
1005 3610 1136 3688 ὁμονοίας
1159 3607 1254 3690 ύρκους
1279 3608 1422 3684 ὤμνυτε.-

308 3720 422 3804 Agitur
445 3719 494 3782 his
500 3767 510 3796 ,
533 3725 569 3782 ut
584 3725 666 3782 recte
682 3705 874 3782 demo‘nstret
889 3717 1150 3796 Ranchenstein.,
1167 3717 1205 3781 de
1221 3714 1402 3780 condicione

307 3829 516 3906 At,henarum
541 3827 640 3912 qualis
664 3834 728 3892 eret
751 3829 783 3892 in
808 3827 986 3905 obsidione,
1012 3833 1120 3891 entct
1121 3827 1216 3912 rigint
1218 3849 1235 3889 s
1254 3825 1336 3888 viros
1357 3826 1401 3888 in·

306 3939 442 4001 stitntos.
487 3935 534 4000 cf.
565 3936 645 4001 Xen.
671 3936 754 4001 Hcll
780 3937 826 4001 Π.
851 3939 882 4001 2.
910 3939 968 4014 ll,
994 3935 1075 4000 And
1104 3938 1132 4000 1.
1159 3939 1210 4000 73.
1253 3934 1300 3998 Eo
1323 3955 1402 3998 recc-

305 4047 353 4112 dit
340 4045 487 4130 tLysies
519 4045 556 4108 ab
580 4046 646 4122 his,
671 4047 756 4130 quod
780 4047 900 4111 exsules
925 4047 1012 4110 restit
1000 4051 1120 4109 ttutos
1120 4068 1174 4109 um
1198 4044 1292 4121 dicit,
1317 4041 1400 4126 quod

306 4154 476 4221 secundum
499 4154 736 4240 Xenophontem
760 4154 804 4219 ΙΙ.
830 4159 859 4218 2.
878 4158 920 4218 23
937 4162 968 4219 ct
983 4147 1176 4219 Andocidem
1191 4156 1208 4239 b
1225 4155 1265 4216 80
1284 4152 1399 4214 fectum

304 4266 427 4330 demum
462 4272 508 4328 est
542 4288 561 4327 e
591 4263 750 4349 Lysandro
757 4292 767 4344 ρ
807 4265 861 4333 sed
892 4264 1049 4329 decretum
1085 4265 1210 4350 quidem
1246 4259 1398 4326 eiusmodi

305 4376 420 4441 factum
449 4395 532 4450 esse,
557 4373 609 4437 cui
632 4379 734 4438 temen
759 4375 797 4438 ab
820 4373 977 4438 exsulibus
1001 4372 1190 4458 (oligorohis)
1206 4394 1269 4436 non
1285 4369 1398 4434 obtem·
