3126 5210
842 468 904 529 loo

327 673 420 736 lando
444 679 475 736 et
497 669 640 734 Scheibio
664 669 697 733 in
713 672 913 747 ἀποκληροῦτε
929 677 1049 734 mutare
1065 669 1184 754 placuit
1193 695 1202 746 ;
1221 669 1326 754 agitur
1344 669 1424 734 enim

326 783 365 847 de
389 781 630 859 consuetudine,
656 780 694 844 de
718 802 754 843 eo
778 780 860 864 quod
887 781 1055 866 quotannis
1079 780 1181 845 fiebat.

371 895 388 978 d
413 895 464 958 17.
511 892 535 955 εἰ
558 892 617 972 γὰρ
641 891 841 968 transcend
864 892 1081 969 ὁμολογούντων
1104 894 1200 956 acras
1220 890 1269 956 ἐπὶ
1287 891 1357 962 ποὺς
1376 891 1426 968 ἐμ-

328 1004 428 1083 πόρους
450 1003 639 1067 συνίστασθαι
665 1009 696 1065 et
721 1005 761 1065 al
787 1003 835 1066 κοιὶ
861 1003 928 1073 rode
951 1001 1092 1083 ἐμπόρους
1116 1002 1167 1084 ἐφ’
1190 999 1237 1074 οὓς
1260 999 1337 1067 οὗτοι
1362 1027 1427 1065 σον-

327 1114 461 1187 ἐσπνσων,
507 1112 670 1177 Dobreus:
715 1111 905 1192 „Quomodo
949 1113 1178 1179 insidiabantur
1219 1111 1426 1178 naucleris?’'

327 1223 430 1287 Facile
453 1230 499 1287 est
522 1223 560 1286 ad
584 1222 663 1287 hanc
688 1224 900 1308 quaestionem
923 1223 1126 1309 respondere3
1151 1225 1328 1289 societatem
1353 1224 1428 1288 inie-

324 1343 410 1412 rant,
446 1341 480 1397 ut
512 1356 608 1418 quum
641 1340 759 1418 praeter
789 1355 840 1397 eos
864 1355 954 1398 nemo
979 1341 1110 1413 emeret,
1135 1342 1264 1418 possent
1287 1335 1427 1419 pretium

328 1445 514 1509 constituere
550 1452 581 1508 et
615 1452 799 1508 mercatores
835 1466 928 1529 parvo
964 1444 1095 1509 vendere
1128 1455 1320 1530 cogerentur.
1371 1443 1428 1507 Est

328 1563 428 1619 tamen
459 1555 517 1619 hoc
548 1578 663 1620 novum
687 1564 781 1642 caput
805 1557 1028 1634 accusationis,
1054 1556 1138 1642 quod
1162 1579 1223 1620 non
1248 1556 1428 1619 continetur

327 1668 382 1744 iis,
408 1666 520 1750 quibus
544 1668 738 1752 pertractatis
762 1689 857 1752 supra
881 1675 954 1731 sect.
981 1670 999 1729 5
1025 1690 1056 1730 se
1081 1673 1147 1730 tota
1163 1667 1361 1731 accusatione
1378 1664 1429 1728 de-

328 1778 470 1840 functum
495 1799 559 1840 esse
583 1776 705 1841 dicebat
729 1783 831 1840 orator
854 1780 908 1861 (7).

372 1889 390 1972 d
415 1889 465 1950 18.
512 1890 716 1965 οὶνοομνήσθιρπε
749 1887 772 1952 δ’
795 1885 816 1952 ὦ
843 1887 941 1970 ἄνδρες
969 1889 1126 1963 denarrat,
1157 1885 1200 1952 ὅτι
1232 1893 1349 1952 πολλῶν
1375 1887 1426 1962 ἤδη

328 1998 454 2079 ἑχόντων
487 2000 599 2074 τούτων
627 2001 679 2073 riv
711 1998 809 2064 ονὶπίοιν
842 1997 1011 2077 λαμβάνειν
1042 1998 1091 2063 κον)
1115 1997 1266 2078 μοὶρπνροις
1290 2021 1427 2078 ποορεχο-

328 2110 419 2186 μένων
440 2112 562 2176 θνὲνωπον
584 2113 762 2190 κωπέννωπι.
791 2110 1021 2175 Westermanni
1037 2110 1231 2186 coniectura,
1249 2130 1342 2193 quam
1361 2132 1426 2174 non

328 2222 528 2306 intellegebat
544 2222 724 2300 Scheibius,
745 2223 819 2286 haec
837 2230 899 2285 est:
922 2224 1034 2297 ποούτιρν
1054 2223 1106 2296 πίρν
1125 2222 1239 2304 uirtus,
1261 2219 1359 2303 (νὶλλοὶ
1375 2227 1427 2286 τοῦ

324 2334 368 2407 μὴ
388 2333 464 2408 δίκην
484 2335 564 2411 ὑμᾶς
582 2336 652 2414 παρ’
672 2337 778 2418 ωὐπῶν)
797 2334 967 2411 λοιμβοὶνειν
987 2333 1036 2399 κον)
1057 2332 1206 2414 μοὶρτνρονς
1224 2357 1252 2396 κ.
1265 2357 1294 2396 π.
1307 2334 1348 2414 ἑ.,
1371 2331 1427 2397 sed

325 2443 452 2507 fortasse
476 2445 527 2508 κοοί
548 2447 632 2528 (ante
655 2445 758 2529 μοὶρπ.)
782 2444 875 2508 simul
897 2445 1045 2509 omissum
1068 2445 1177 2508 voluit.
1214 2442 1374 2527 Kayserus
1393 2443 1426 2505 in

325 2551 439 2617 Philol.
464 2552 521 2616 XI.
549 2556 629 2617 165:
654 2553 805 2619 λοννθιένειν
822 2555 862 2638 (δὲ
877 2555 1068 2638 πειρωμένων)
1084 2555 1145 2619 aad.
1186 2551 1360 2617 Muellerus
1379 2552 1423 2617 ib.

326 2661 402 2725 XII.
430 2665 507 2726 104:
537 2665 619 2746 (ἀλλ’
652 2666 681 2728 οὐ
713 2664 908 2749 βουλομένων)
932 2664 1112 2742 λοιμβοὶνειν.
1159 2663 1300 2728 Dobreus
1324 2665 1426 2729 οοῖπίοον

325 2774 386 2856 (κν)
417 2775 603 2862 ἀρνουμένων)
633 2775 693 2839 κοί.
741 2774 873 2859 Aliquid
905 2774 1054 2839 excidisse
1085 2781 1226 2858 apertum
1257 2781 1318 2857 est;
1344 2796 1427 2858 quae

326 2884 499 2968 supplenda
522 2885 602 2964 sint,
628 2884 768 2949 dubium.
802 2884 1034 2950 Westermanni
1056 2895 1160 2950 tamen
1184 2885 1338 2949 sententia
1362 2887 1426 2968 (τοῦ

325 2997 368 3074 μὲν
391 2995 468 3070 δίκην
491 2995 678 3074 λοιμβοένειν,
703 3003 736 3061 ut
759 3019 795 3061 ue
814 3020 866 3062 coa
886 2999 1054 3080 sumeretis)
1071 2996 1149 3060 mihi
1165 2996 1239 3060 satis
1256 2993 1426 3079 probabilis

326 3104 458 3169 videtur.

368 3217 386 3299 d
409 3217 449 3278 21
480 3238 552 3279 cum
575 3215 698 3281 Dobreo
727 3217 892 3300 legendum
919 3217 1002 3297 ποιρᾶο
1028 3215 1135 3282 τούτων
1156 3239 1210 3301 pro
1231 3219 1420 3295 ποιρόνύπῶν.

371 3324 480 3389 Oratio
504 3327 570 3390 sine
593 3326 689 3392 dubio
713 3325 860 3411 Lysiaca3
885 3349 956 3392 narn
977 3350 1013 3391 ea
1034 3329 1125 3392 etiam
1142 3350 1220 3412 quae
1236 3327 1341 3390 minus
1358 3326 1423 3410 pla·

325 3442 414 3499 ceant
436 3438 474 3500 ab
499 3437 565 3500 eius
588 3436 712 3501 dicendi
736 3437 833 3501 forma
857 3445 950 3522 atque
973 3439 1099 3522 ingenio
1123 3460 1186 3501 non
1210 3436 1311 3501 aliena
1335 3444 1421 3499 sunt.

325 3545 507 3610 Notandum
530 3555 634 3610 tamen
657 3549 800 3611 futurum
824 3549 1014 3632 ἐλεύσομαι)
1033 3550 1089 3624 ll,
1106 3548 1140 3611 in
1156 3547 1225 3610 loco
1242 3547 1424 3630 ceteroquin

323 3657 449 3720 minime
473 3664 624 3741 suspecto.
672 3656 751 3720 Inde
775 3666 806 3720 et
830 3679 866 3721 ex
891 3657 992 3743 capite
1016 3655 1113 3720 altero
1137 3657 1346 3720 accusationis
1367 3678 1423 3719 suo

324 3765 393 3830 loco
425 3767 537 3831 omisso
568 3768 618 3850 (cf.
643 3769 660 3852 d
686 3770 738 3851 17)
762 3767 950 3832 recensionis
974 3767 1073 3830 multo
1098 3775 1168 3851 post
1192 3766 1322 3830 oratoris
1346 3788 1426 3830 rnor-

325 3883 389 3940 tem
412 3877 510 3942 factae
534 3887 716 3962 argumenta
739 3880 809 3962 quis
834 3887 929 3964 petat.

466 4109 559 4154 xxrn.
589 4117 666 4156 rmrs
686 4117 879 4160 nnrnnsonos
899 4117 947 4156 οτι
969 4117 1026 4155 orn
1047 4117 1087 4156 nn
1110 4082 1280 4155 nnnrnrrrr.

371 4312 473 4376 Multa
504 4315 537 4376 in
569 4313 625 4378 hac
657 4316 796 4379 oratione
828 4311 1008 4390 offendunt,
1042 4312 1156 4396 quibus
1180 4332 1265 4375 nnnc
1287 4307 1421 4374 remedia

327 4423 465 4488 adhiberi
491 4447 551 4489 non
576 4435 715 4510 possunt.
763 4427 809 4488 Ac
834 4423 967 4509 primum
991 4423 1029 4486 de
1054 4422 1193 4506 singulis.
