3128 5208
546 1626 900 1692 PRAEFATIO.

212 2481 254 2544 In
288 2480 383 2566 Lysia
411 2479 528 2545 edendo
557 2481 697 2566 plerique
725 2481 826 2545 adbuc
854 2483 911 2546 hoc
943 2483 1033 2545 unice
1062 2486 1208 2564 egerunt,
1234 2486 1270 2542 ut

166 2620 331 2696 maculae,
369 2641 444 2702 quas
479 2619 675 2684 librariorum
709 2620 828 2683 incuria
863 2620 1079 2705 adspersisset,
1115 2618 1270 2694 eluerent,

170 2756 209 2820 de
248 2757 383 2820 oratoris
419 2757 532 2821 virtute
566 2759 692 2822 omnino
723 2765 754 2821 et
785 2758 907 2822 dicendi
938 2781 1047 2844 genere
1082 2755 1270 2843 explorando

170 2918 288 2980 parum
316 2895 450 2960 solliciti.
498 2895 564 2960 Nec
591 2897 713 2960 mirum.
761 2895 876 2960 Tantae
903 2898 984 2960 enim
1008 2896 1143 2960 salebrae
1166 2895 1198 2959 in
1222 2895 1270 2958 via

170 3034 286 3117 pedem
311 3035 499 3112 retinebant,
525 3037 616 3100 utin
641 3035 771 3120 singulis
796 3036 918 3100 haerere
942 3037 989 3099 vel
1016 3036 1105 3099 inviti
1129 3056 1270 3118 cogeren-

170 3177 232 3236 tur.
284 3170 347 3236 Eae
376 3195 415 3237 ne
444 3195 528 3238 nunc
556 3174 681 3258 quidem
709 3181 861 3251 remotae;
885 3196 942 3237 neo
966 3196 1033 3258 spes
1057 3173 1209 3251 estsere,
1234 3181 1270 3237 ut

168 3311 344 3396 aliquando
373 3335 465 3376 sanus
493 3320 523 3377 et
546 3314 666 3398 integer
688 3314 777 3379 nobis
801 3337 838 3378 ex
861 3314 989 3378 officinis
1014 3313 1190 3377 criticorum
1212 3312 1271 3398 Ly·

169 3450 237 3514 sias
261 3449 398 3534 prodeat.
442 3449 651 3515 Veruntamen
674 3459 780 3515 nostra
802 3459 900 3517 aetate
923 3451 1045 3516 certiori
1068 3451 1269 3515 fundamento

170 3591 245 3653 nisa
275 3587 380 3652 critica
411 3589 507 3652 solam
538 3589 671 3654 Palatini
694 3591 909 3656 auctoritatem
933 3591 1058 3676 agnovit
1065 3617 1074 3669 ;
1099 3591 1181 3655 unde
1205 3577 1269 3654 tex·

171 3737 260 3806 tum,
294 3736 330 3791 ut
360 3729 465 3806 aiunt,
499 3729 697 3814 diplomatica
725 3730 784 3795 fide
816 3731 1020 3794 constitutum
1043 3730 1125 3793 nacti
1149 3751 1265 3792 sumne.

169 3868 253 3932 Tum
278 3867 442 3931 coniuncta
464 3868 634 3931 multorum
659 3890 750 3953 opera
767 3869 944 3952 (exquibus
961 3868 1077 3952 primus
1098 3889 1265 3930 memoran-

169 4006 230 4070 dus
261 4025 409 4085 occurro,
443 4027 534 4090 porro
565 4025 667 4083 arur,
695 4023 1265 4083 srnrrr‚1<rrsna‚concremaro·

170 4177 365 4234 ouursrrrn,
390 4177 562 4236 urnrnnn,
587 4179 649 4221 mr
673 4149 878 4240 nrawruorr)
902 4158 986 4220 hunc
1009 4162 1160 4220 oratorem
1181 4179 1264 4220 nunc

173 4297 273 4364 multo
298 4304 380 4362 certe
404 4297 641 4363 emendatiorem
665 4298 825 4376 babemus,
847 4319 939 4384 quam
959 4297 1012 4384 qui
1033 4295 1146 4360 Dobrei
1166 4306 1264 4362 aetate
1341 4321 1356 4352 ι
