3128 5208
765 507 879 571 '68

315 732 464 775 consensu
500 711 619 796 spuriae
655 709 818 774 habentur.
862 709 964 794 Igitur
996 710 1148 776 orationes
1171 710 1236 773 eius
1259 707 1406 793 aliquam·

314 823 368 886 diu
391 822 515 887 fuerunt
538 822 700 908 dispersae.
748 820 814 884 lam
838 843 908 884 vero
931 821 1043 885 mirum
1067 828 1098 885 et
1113 843 1208 906 paene
1223 820 1404 886 incredibile

314 942 410 1011 esset,
443 933 468 996 si
499 956 561 998 non
590 932 705 997 multae
734 939 854 1016 postea,
888 953 983 1017 quum
1007 930 1146 996 'collectio
1169 931 1402 1012 institueretur,

314 1046 429 1111 alienae
452 1046 654 1131 irrepsissent.
691 1027 910 1109 Gloriabantur
932 1043 1021 1109 facile
1044 1044 1098 1128 qui
1123 1065 1244 1108 causam
1262 1043 1404 1109 dixerant

313 1167 365 1222 aut
399 1181 504 1224 eorum
536 1159 650 1244 posteri
681 1158 833 1222 orationes
865 1157 985 1222 habitas
1017 1179 1034 1220 a
1065 1179 1097 1220 se
1131 1163 1185 1220 aut
1207 1164 1401 1220 conservatas

313 1269 422 1355 Lysiae
453 1292 533 1347 esse;
564 1277 594 1333 et
625 1275 708 1333 certo
738 1268 891 1346 iudicare,
922 1267 997 1353 quid
1019 1267 1146 1354 Lysiae,
1172 1267 1247 1353 quid
1271 1267 1402 1333 aliorum

314 1380 487 1465 aequalium
511 1379 642 1444 colorem
665 1388 696 1443 et
719 1379 876 1463 ingenium
900 1379 1040 1457 referret,
1065 1379 1201 1443 criticam
1224 1377 1403 1464 postulabat

311 1491 488 1556 facultatem
519 1491 662 1555 maiorem
695 1512 786 1575 quam
817 1490 863 1554 illi
895 1491 988 1554 aetati
1012 1490 1138 1555 concedi
1161 1497 1272 1577 potest.
1319 1489 1402 1553 Fieri

312 1625 374 1668 non
398 1610 518 1687 poterat
541 1603 616 1687 quin
641 1609 755 1666 veteres
780 1602 877 1666 critici
901 1602 933 1666 in
949 1601 1167 1686 conquirendis
1183 1611 1215 1666 et
1227 1601 1402 1687 digerendis

312 1714 543 1799 quadringentis
568 1722 598 1778 et
621 1712 751 1798 amplius
768 1713 977 1792 orationibus,
993 1735 1072 1799 quae
1088 1712 1197 1799 Lysiae
1214 1711 1400 1793 ferebantur,

312 1825 442 1889 subinde
470 1831 613 1890 errarent.
661 1823 770 1909 Itaque
801 1823 977 1888 remanebat
1007 1847 1095 1909 saepe
1127 1824 1209 1910 apud
1233 1823 1401 1910 prudentes

313 1936 532 2000 existimatores
568 1933 696 2000 dubium
733 1935 770 2000 de
802 1941 925 1999 auctore
956 1934 1174 2000 nonnullarum
1204 1936 1397 2015 orationum3

312 2047 394 2110 unde
417 2046 621 2132 Harpocratio
645 2067 752 2131 saepe,
767 2047 965 2132 inscriptione
974 2054 1224 2125 commemorata,
1245 2047 1268 2111 si
1285 2049 1401 2124 γνήσιος

312 2158 398 2222 addit
404 2184 412 2236 ;
430 2157 526 2235 yeluti
543 2156 581 2220 de
597 2157 654 2221 hac
666 2157 803 2221 oratione
815 2180 842 2224 v.
857 2157 1000 2230 δικαίωσις
1012 2156 1160 2242 legimus:
1182 2158 1297 2228 Λυσίας
1315 2158 1343 2221 ἕν
1359 2159 1400 2239 τῷ

311 2268 595 2352 περὶρσπρατοόποο,
627 2271 651 2334 εἰ
682 2270 796 2345 γνήσιος
822 2268 885 2353 [καὶ
904 2268 1006 2354 udae]
1031 2269 1087 2341 πόος
1113 2268 1319 2340 δικαιώσεις
1343 2274 1401 2351 Φορ-

310 2382 354 2447 σὶν
382 2380 446 2445 cirri
478 2386 528 2445 ποῦ
558 2380 825 2462 δικαιολογίας,
853 2379 885 2442 in
913 2378 1025 2464 quibus
1049 2378 1141 2443 verba
1162 2379 1214 2444 καὶ
1237 2378 1327 2457 μόλω
1350 2378 1401 2442 ad·

310 2493 375 2557 dita
405 2499 477 2556 sunt
508 2514 525 2554 a
555 2490 694 2568 librario,
725 2489 887 2554 dissentire
911 2513 942 2554 sc
966 2513 983 2554 a
1006 2489 1121 2555 iudicio
1146 2489 1397 2575 Harpocrationis

310 2605 511 2689 significante.

353 2715 434 2778 Satis
465 2713 562 2777 multa
591 2734 646 2797 pro
678 2711 797 2776 ambitu
827 2710 947 2776 modico
978 2713 1124 2776 orationis
1155 2712 1232 2776 mihi
1256 2711 1398 2775 attulisse

307 2827 427 2904 videor,
460 2847 537 2910 quae
568 2824 770 2910 suspicionem
801 2831 957 2902 moveant;
988 2832 1089 2889 tamen
1120 2847 1217 2910 pauca
1240 2825 1331 2888 etiam
1356 2846 1394 2887 ex

309 2937 506 3002 annotatione
528 2936 607 3000 infra
631 2935 744 3020 scripta
768 2934 840 2998 addi
864 2941 1018 3020 poterunt.

353 3050 370 3134 q
395 3051 445 3111 10.
491 3047 581 3130 ἔχόρρι
603 3045 628 3110 δ’
650 3046 717 3110 aare
740 3046 841 3110 ποόπου
861 3045 910 3130 (cf.
931 3048 1033 3131 supra)
1053 3045 1272 3127 παραλόγως
1292 3045 1397 3129 ζορρωω-
1511 3037 1514 3042 ’

307 3161 373 3232 όείς.
419 3159 610 3239 Παραγόγως
633 3159 664 3221 in
690 3157 775 3222 libris
799 3158 862 3221 suis
879 3159 996 3222 invenit
1012 3158 1183 3243 Augerius,
1200 3159 1306 3243 itaque
1322 3159 1396 3222 olim

308 3271 423 3334 editum
449 3277 522 3334 erat.
568 3270 640 3356 Ipse
664 3271 779 3357 primus
804 3277 834 3334 et
857 3269 1000 3334 Reiskius
1024 3268 1187 3334 ediderunt
1206 3269 1397 3350 παραλόγως.

308 3382 354 3446 De
381 3382 476 3446 Palat.
501 3389 581 3446 tacet
604 3381 750 3459 Scheibe,
780 3381 833 3445 sed
857 3382 882 3445 si
907 3381 953 3444 vel
977 3380 1182 3462 maximehic
1206 3380 1315 3445 habeat
1338 3405 1398 3446 πα·
1509 3405 1512 3421 ·

307 3493 467 3574 ραγόγως,
491 3501 592 3557 tamen
617 3493 795 3573 παραλόγως
819 3493 957 3578 legitima
976 3492 1068 3557 lectio
1084 3500 1147 3572 eat,
1166 3493 1249 3579 quod
1266 3493 1397 3558 alterum

307 3604 398 3669 nihili
429 3612 475 3669 est
506 3612 536 3668 et
567 3603 712 3668 ductibus
744 3603 917 3669 litterarum
947 3604 1127 3686 παραλόγως
1159 3603 1196 3670 ab
1228 3627 1263 3670 eo
1287 3628 1397 3690 parum

308 3715 417 3780 differt.
454 3715 638 3797 Παραλόγως
662 3723 764 3780 tamen
788 3715 870 3801 apud
895 3715 1014 3779 Atticos
1038 3738 1151 3780 rarum.
1188 3713 1280 3796 Quod
1303 3717 1397 3781 sciam

307 3830 462 3894 invenitur
499 3836 621 3893 tantum
657 3828 740 3913 apud
769 3827 928 3892 Demosth.
961 3850 986 3892 c.
1020 3828 1143 3913 Aphob.
1175 3826 1202 3892 Ι.
1234 3829 1301 3916 (27)
1336 3830 1396 3892 68:

308 3925 408 4006 δίκαιος
432 3939 458 4003 δ’
481 3939 542 4005 ἕπτ’
565 3941 655 4004 ἐλεεῖν
678 3941 708 4004 οὐ
732 3941 797 4010 ποὺς
820 3939 934 4012 ἀδίκους
957 3944 1013 4004 τῶν
1035 3939 1203 4022 ἀνθρώπων,
1227 3939 1312 4005 ἀλλὰ
1329 3941 1397 4012 τοὺς

308 4052 485 4134 παραλόγως
509 4052 738 4134 δυςποχοῦνπας,
766 4050 822 4115 ubi
845 4051 1047 4138 oppositionis
1071 4052 1149 4115 ratio
1173 4049 1310 4137 postulat
1333 4051 1397 4115 fere

309 4163 494 4242 παρανόμως.
542 4161 635 4248 Apud
666 4161 876 4248 Thucydidem
907 4163 933 4227 I.
967 4161 1129 4241 140,IV.
1156 4165 1214 4240 55,
1242 4165 1281 4225 56
1307 4162 1397 4227 cessit

308 4275 433 4338 lectioni
459 4274 608 4339 bonorum
636 4273 724 4338 codd.
748 4275 830 4355 rapit
852 4274 951 4353 λόγον.
998 4274 1058 4340 Sed
1081 4296 1144 4340 non
1167 4272 1396 4340 sollicitandum

309 4389 429 4452 videtur
460 4385 542 4472 apud
569 4384 711 4471 Xenoph.
736 4383 774 4448 de
797 4384 885 4451 Vect.
911 4389 940 4450 5.
966 4389 1003 4450 2:
1028 4385 1207 4467 παραλόγως
1226 4389 1395 4468 σκοποῦσιν,

308 4508 414 4565 temere
436 4503 673 4576 ποόιοοόαααίαν,
697 4495 752 4560 ubi
764 4519 801 4560 ex
817 4498 989 4562 coniectura
1009 4497 1178 4583 repositum
1198 4503 1245 4561 est
1255 4517 1309 4582 pro
1326 4494 1396 4575 παρ’
