3126 5210
757 513 820 574 231

231 717 308 772 eant
345 710 474 793 patriam
505 733 569 772 esse
602 711 777 794 ubieunque
810 711 885 774 bene
918 712 958 774 sit
981 713 1010 794 (p
1034 714 1083 794 6),
1114 714 1265 775 sententia
1289 721 1335 776 ast

234 820 427 904 pervulgaris
449 821 559 906 (intpp.
578 820 617 884 ad
633 823 727 900 Arist.
745 821 828 886 Plut.
850 825 949 899 1151,
967 823 1030 886 Oia.
1045 823 1176 887 'Puse.V.
1192 827 1263 906 1118)
1281 823 1334 886 sed

235 932 382 996 tractatio
413 931 507 996 huius
531 932 591 996 loei
614 933 742 997 fortasse
765 933 859 1011 mira,
885 932 937 998 sed
961 935 1070 1018 utique
1093 956 1173 998 nova
1196 943 1255 1013 est,
1278 957 1334 999 nee

235 1067 254 1106 a
288 1065 379 1105 eausa
405 1043 520 1120 aliena,
550 1043 634 1126 quod
658 1043 748 1107 Philo
772 1044 890 1109 diutins
915 1067 1040 1129 peregre
1062 1056 1215 1109 manserat
1239 1067 1332 1130 quam

235 1175 360 1218 neeesse
385 1162 466 1230 erat;
492 1167 523 1217 et
546 1155 648 1231 γνώμη
673 1155 727 1218 illa
750 1157 766 1239 d
794 1158 830 1218 11
856 1178 917 1219 non
942 1155 1046 1241 inepta
1070 1165 1132 1233 est,
1158 1158 1216 1221 nisi
1233 1157 1332 1243 quod,

235 1266 261 1328 si
285 1265 353 1347 quis
373 1265 554 1328 calumniari
580 1266 666 1344 velit,
692 1267 824 1350 aliquam
848 1267 1085 1331 ostentationem
1109 1268 1280 1350 (κονθέοτνιιε
1303 1268 1333 1333 δὲ

234 1403 277 1467 τι.
295 1376 365 1461 ἔθος)
390 1377 422 1440 in
447 1377 545 1440 verbis
574 1377 693 1442 lrabeat.
741 1377 836 1441 Porro
861 1400 939 1461 quae
963 1378 1109 1462 leguntur
1130 1380 1147 1462 p
1171 1381 1212 1440 al·
1236 1391 1267 1443 et
1291 1383 1332 1443 32

235 1487 344 1571 paneis
374 1488 501 1551 mutatis
532 1489 564 1550 in
597 1489 663 1552 aliis
692 1511 816 1573 quoque
839 1488 1029 1552 orationibus
1055 1489 1269 1566 inveniuntur,
1293 1491 1332 1554 ef.

240 1601 292 1661 le.
317 1602 378 1676 41,
405 1603 457 1663 30.
485 1603 525 1661 26
551 1607 582 1664 et
606 1603 666 1678 32,
693 1603 744 1665 at.
775 1603 823 1663 15.
871 1598 931 1664 Sed
955 1599 1013 1663 loci
1031 1621 1223 1678 eommuneS,
1240 1600 1332 1664 modo

235 1711 302 1795 apti
334 1734 389 1775 nec
421 1713 512 1776 nimis
542 1714 733 1797 frequentes,
767 1711 884 1775 nullam
913 1712 1018 1783 νοθειόνς
1043 1710 1334 1775 demonstrationem

234 1824 353 1887 habent
376 1822 459 1907 apud
482 1831 634 1900 oratores,
664 1845 757 1908 quum
784 1823 962 1906 praesertim
984 1823 1016 1886 in
1040 1823 1078 1886 iis
1101 1822 1191 1887 rebus
1217 1845 1334 1886 versen-

232 1945 304 2011 tur,
332 1955 410 2018 quae
434 1934 466 1996 in
489 1955 697 2018 unaquaque
721 1934 782 1997 lere
806 1955 899 1996 causa
922 1955 982 1996 usu
1006 1934 1139 1997 veniant.
1188 1933 1252 1997 Nee
1269 1956 1332 1997 mo·

231 2051 309 2107 vent
342 2067 390 2107 me
425 2045 576 2108 antitheta
610 2046 627 2128 p
657 2047 716 2120 28,
750 2047 809 2121 29,
843 2044 963 2108 dlsub
988 2046 1008 2108 f.
1034 2066 1208 2128 quassans
1233 2045 1330 2108 forma

233 2156 383 2218 orationis
406 2157 486 2219 inter
509 2179 541 2218 se
565 2155 679 2219 similia
702 2164 775 2219 sunt
799 2157 834 2238 (εἷ
857 2156 910 2232 μέν
934 2181 978 2226 τις
1001 2157 1097 2232 λίποι,
1123 2195 1168 2204 -
1194 2157 1218 2220 εἰ
1242 2157 1271 2221 δέ
1287 2181 1331 2228 τις

233 2271 346 2344 οούτῆςς
377 2269 401 2331 εἰ
428 2268 494 2338 τοὺς
523 2268 671 2340 μετοίκους
699 2266 769 2342 μέν,
795 2305 840 2314 —-
862 2273 962 2331 τοῦτον
986 2267 1032 2343 ds‘3
1057 2269 1080 2331 εἷ
1104 2264 1185 2338 οὗτος
1209 2267 1263 2343 μέν
1287 2305 1333 2316 -

233 2380 319 2456 ὑμεῖς
366 2380 400 2462 ε’).
456 2377 650 2461 Quamquam
683 2401 745 2442 non
776 2400 854 2461 nego
886 2377 1011 2462 Lysiam
1041 2379 1074 2441 in
1106 2379 1162 2442 hae
1196 2378 1333 2442 oratione

232 2491 442 2570 ῥητορικώτερον
467 2511 548 2566 esse,
573 2496 610 2551 nt
632 2491 648 2573 p
673 2491 714 2550 26
739 2491 769 2552 οὐ
794 2489 856 2569 περὶ
881 2495 930 2553 τοῦ
954 2489 1150 2566 βουλεύειν
1170 2488 1254 2552 ettad
1270 2490 1333 2568 aspi

231 2605 285 2663 τοῦ
309 2600 499 2664 δουλεύειν.
546 2602 562 2684 ξ
588 2603 626 2662 11
656 2597 712 2664 ὅσοι
736 2601 765 2663 δὲ
788 2599 914 2680 γνώμγ
936 2605 1020 2665 τοῦτο
1043 2598 1174 2680 ἔποοιξοον
1197 2598 1332 2677 οὐδεμιᾶς

232 2711 448 2789 συγγνώμης
472 2709 547 2786 ἄξιοί
569 2712 647 2775 elota.
694 2712 711 2794 p
734 2712 776 2773 31
801 2707 882 2781 οὗτος
906 2709 960 2785 μέν
985 2707 1157 2781 ἅπαντος
1173 2709 1239 2782 τοὺς
1252 2710 1333 2774 πολί-

230 2845 290 2894 τοις
313 2822 376 2900 περὶ
395 2820 502 2892 οὐδενὸς
527 2821 592 2904 (sic)
624 2822 775 2897 ἡγήσοιτο,
808 2821 891 2897 ὑμεῖς
919 2820 948 2884 δὲ
971 2827 1071 2886 τοῦτον
1094 2818 1156 2885 ἕνον
1182 2819 1265 2886 dara
1288 2823 1331 2899 μὴ

231 2933 468 3010 aeternaitatem
495 2934 692 3017 (quamquam
716 2933 774 2996 hoe
798 2932 889 3016 plane
912 2932 1099 3016 Lysiaeum).
1147 2934 1164 3016 d
1189 2935 1205 2994 1
1231 2933 1328 3005 ἐπειδὴ

231 3044 259 3108 δ’
288 3047 345 3123 οὐχ
375 3043 403 3108 ἕν
433 3069 462 3108 τι
492 3043 576 3120 μόνον
606 3043 690 3107 ἄλλοι
715 3043 814 3108 πολλοὶ
837 3039 980 3123 τολμηρός
1004 3045 1098 3124 ἐστιν,
1123 3042 1207 3126 qnod
1230 3042 1328 3106 nihilo

230 3154 343 3218 melius
367 3162 413 3218 est
436 3177 526 3237 quam
553 3157 604 3219 20.
629 3158 645 3216 1
671 3155 710 3234 τῷ
733 3153 853 3230 talasa
876 3154 916 3233 τῷ
940 3157 995 3216 τῶν
1018 3153 1225 3232 τετροοκοοιόνν,
1244 3153 1328 3217 ἀλλὰ

230 3273 291 3337 τοῖς
322 3266 412 3344 ἔργοις
438 3265 531 3344 ἐνίων,
559 3265 632 3328 satis
657 3273 703 3328 est
726 3265 807 3327 enim
831 3261 1015 3347 languidum
1037 3285 1094 3326 nee
1117 3263 1239 3326 rhetore
1264 3260 1328 3345 dig-

231 3391 323 3453 num,
344 3399 362 3439 a
381 3399 443 3460 quo
463 3375 566 3460 potius
586 3382 741 3459 exspectes
765 3377 823 3455 οὐχ
845 3371 874 3438 ἕν
894 3398 922 3437 τι
942 3373 1072 3455 νιοννοό
1078 3399 1108 3447 ς,
1128 3374 1213 3437 οέιιλὸο
1225 3371 1327 3437 adara

232 3487 424 3570 τολμηρός,
454 3486 544 3571 quale
568 3486 644 3570 quid
669 3486 818 3570 scriptum
841 3485 935 3549 fuisse
959 3492 1044 3570 puto.
1091 3486 1171 3569 §31
1197 3478 1327 3547 molesta

233 3606 279 3662 est
311 3605 341 3662 et
371 3597 475 3661 studio
500 3598 638 3680 quaesita
661 3597 831 3682 oppositio:
857 3595 917 3660 ποῖ’
941 3594 978 3659 ἂν
1001 3591 1185 3675 οέιιόῤῥνςτοι
1206 3604 1327 3674 raptent

234 3710 346 3794 (δοκεῖ),
365 3707 394 3780 ὃς
418 3708 479 3772 οὐδὲ
497 3708 538 3772 τοὶ
562 3707 796 3787 προειρημένοι
820 3715 937 3780 ποιῆσον
961 3703 1078 3782 ἠξίωσε,
1104 3705 1166 3768 sive
1182 3705 1327 3790 interpre-

232 3821 303 3883 teris
332 3823 492 3885 interdieta
515 3858 559 3866 -
578 3824 791 3904 praescripta,
817 3819 880 3882 sive
904 3819 984 3902 (oum
1008 3815 1258 3900 Rauehenstein.)
1281 3841 1327 3880 se·

231 3938 313 3995 oreta
344 3969 388 3978 -
414 3933 593 4016 praediolo,
626 3938 741 4014 apertu.
790 3929 848 3993 Sed
882 3928 1001 3992 attendi
1034 3927 1122 3990 velim
1155 3926 1190 3989 ad
1217 3926 1328 3991 similia

229 4063 307 4125 quae
330 4041 363 4105 in
387 4063 429 4103 or.
457 4043 515 4117 25,
543 4041 629 4124 (27),
649 4043 690 4103 30
709 4041 815 4103 notavi
832 4049 863 4103 et
886 4039 1082 4122 intellegetur
1099 4037 1172 4100 haec
1189 4060 1250 4101 non
1267 4039 1328 4102 suf-

230 4153 336 4228 ficere,
362 4158 398 4214 ut
421 4151 520 4214 oratio
544 4173 561 4213 a
584 4151 678 4234 Lysia
701 4151 906 4215 abiudieetur.

279 4263 394 4326 Tamen
424 4272 496 4324 sunt
527 4284 606 4346 quae
635 4262 845 4326 demonstrent
873 4259 1099 4346 interpolatoris
1123 4280 1266 4335 manum,
1290 4268 1327 4323 ut

236 4397 292 4458 ego
324 4374 448 4458 opinor3
481 4395 580 4454 nequa
612 4375 691 4436 enim
724 4373 798 4436 mihi
830 4372 1032 4457 persuaserim
1055 4370 1133 4434 hano
1158 4371 1326 4434 orationem

236 4485 328 4553 talem
351 4509 386 4550 ex
401 4485 528 4572 Lysiaoa
544 4484 664 4550 officina
679 4484 837 4572 prodiisse.
873 4483 1012 4549 Conferri
1029 4481 1119 4545 velim
1135 4483 1151 4566 d
1170 4485 1184 4544 1
1204 4484 1326 4558 εἰςῆλθον
