3126 5210
845 483 907 543 186

333 673 451 737 veniam
482 673 568 753 date3
601 678 648 740 sin
678 679 798 754 minus,
832 678 987 742 ferendum
1020 679 1148 743 fortasse
1170 654 1288 758 uiuent,
1315 681 1427 743 noxios

333 781 423 846 etiam
447 805 529 848 nunc
552 786 672 869 puniri,
696 809 759 850 non
782 786 959 864 ferendum,
983 809 1035 852 vos
1053 788 1223 872 promiscue
1239 811 1347 853 omnes
1365 789 1429 852 lae·

332 889 419 974 dere,
445 893 553 975 quiin
578 895 654 960 urbe
677 897 856 960 manserint.

376 1001 513 1085 Apparet
536 1025 572 1065 ex
596 1003 660 1081 his,
688 1025 744 1068 nec
766 1005 942 1070 inventione
967 1028 1023 1069 nec
1046 1013 1296 1090 argumentorum
1321 1006 1428 1092 dispo-

331 1111 442 1174 sitione
467 1134 650 1196 magnopere
669 1113 748 1177 hane
764 1114 932 1177 orationem
948 1114 1074 1197 reliquis
1091 1115 1248 1179 excellere.
1272 1115 1315 1178 ut
1332 1137 1427 1179 cansa

330 1226 395 1282 erat
418 1222 461 1284 ita
484 1221 612 1306 simplex
628 1229 659 1286 et
675 1229 795 1306 aperta,
816 1231 852 1287 ut
866 1244 978 1307 magno
995 1224 1134 1288 acumine
1150 1246 1211 1289 non
1231 1246 1308 1308 opus
1325 1231 1424 1301 esset,

329 1329 452 1412 singula
483 1332 571 1415 quasi
598 1340 707 1416 sponte
731 1333 889 1416 profluunt
913 1355 949 1396 ex
972 1334 1126 1416 aequitate
1151 1341 1181 1397 et
1204 1333 1342 1398 utilitate
1369 1357 1425 1418 pu-

330 1437 418 1501 blica.
466 1438 559 1518 Quod
583 1441 609 1504 si
633 1442 825 1525 quaerimus,
850 1441 927 1526 quid
943 1443 983 1505 sit
1000 1443 1083 1526 quod
1099 1442 1244 1508 lectorem
1259 1450 1424 1528 tantopere

331 1553 450 1625 teneat,
489 1549 728 1627 sententiarum,
765 1551 890 1633 opinor,
923 1551 1034 1614 veritas
1063 1559 1109 1615 est
1139 1558 1170 1614 et
1201 1552 1423 1616 admonitionis

330 1657 503 1741 prudentia.
551 1659 598 1722 Ex
620 1660 747 1744 reliquis
772 1661 888 1737 causis,
911 1682 987 1743 quas
1004 1662 1147 1725 tractavit
1161 1660 1287 1745 Lysias,
1303 1662 1422 1726 multae

331 1775 405 1830 sunt
427 1768 541 1832 futiles.
578 1769 628 1832 Ad
653 1792 703 1833 eas
726 1769 908 1833 obtinendas
932 1792 1021 1853 saepe
1045 1779 1227 1854 argumenta
1251 1778 1338 1835 erant
1354 1794 1423 1856 pro·

330 1876 440 1940 menda
471 1887 579 1962 arguta
607 1887 637 1942 et
660 1885 814 1957 contorta,
841 1902 918 1964 quae
941 1881 1070 1944 lectores
1095 1881 1220 1965 quidem
1243 1903 1306 1945 non
1331 1882 1420 1945 facile

332 1985 370 2049 ad
394 2009 551 2052 assensum
574 1996 702 2073 cogant,
728 1991 868 2072 quamvis
892 1991 1070 2068 artificiosa;
1096 1991 1170 2054 haec
1195 1991 1292 2054 oratio
1313 2013 1418 2054 omnes

332 2095 425 2160 habet
455 2119 598 2162 numeros
629 2099 781 2176 veritatis3
814 2121 900 2163 suam
930 2100 996 2183 ipse
1019 2099 1202 2163 sententiam
1225 2098 1333 2183 Lysias
1356 2099 1418 2164 elo-

334 2207 455 2288 quitur;
479 2229 566 2271 verae
590 2213 636 2270 eat
659 2206 899 2291 indignationis,
924 2208 1050 2272 intimae
1074 2207 1188 2292 ubique
1211 2197 1417 2291 persuasionis

333 2317 434 2405 plena.
481 2315 547 2381 Nee
570 2323 693 2382 tantum
716 2339 803 2380 suam
827 2339 950 2381 eausam
973 2325 1148 2402 propugnat
1169 2340 1239 2381 reus
1264 2318 1317 2380 sed
1341 2339 1419 2381 eom-

333 2450 457 2492 munem
481 2429 595 2492 civium
611 2428 750 2492 salutem.
775 2427 910 2491 Omnino
927 2427 960 2490 in
976 2427 1034 2490 hac
1050 2427 1188 2490 oratioue
1203 2427 1294 2491 nobis
1310 2427 1415 2503 datur,

322 2537 418 2621 ⁴quod
448 2538 481 2601 in
511 2539 665 2623 plerisque
692 2538 760 2601 aliis
785 2543 933 2621 negatur,
958 2543 993 2600 ut
1016 2537 1054 2600 de
1078 2537 1238 2600 universae
1261 2558 1419 2621 argumen-

240 2731 241 2734 ,
333 2647 460 2711 tationis
489 2649 520 2711 vi
549 2656 579 2713 et
609 2648 741 2712 efficacia
771 2647 923 2732 possimus
945 2646 1092 2712 iudicare.
1138 2646 1180 2708 Et
1202 2646 1305 2710 videre
1332 2647 1419 2723 licet,

334 2763 451 2840 quanto
479 2758 577 2841 magis
609 2756 697 2820 nobis
729 2756 894 2841 placuisset
927 2755 1056 2840 Lysias,
1088 2756 1114 2818 si
1138 2757 1259 2841 saepius
1282 2757 1419 2840 graviora

334 2873 512 2950 argumenta
540 2866 587 2929 illi
618 2866 832 2950 pertractanda
855 2865 1000 2941 fuissent,
1025 2877 1056 2928 et
1078 2853 1259 2930 tenuitatem
1283 2865 1419 2940 dicendi,

334 2997 412 3058 quae
443 2976 573 3040 subinde
601 2977 696 3040 nimia
725 2975 882 3052 videatur,
914 2997 978 3039 non
1008 2975 1179 3058 imperitiae
1209 2976 1341 3038 oratoris
1372 2975 1420 3039 de·

334 3085 415 3163 beri,
440 3086 493 3150 sed
517 3109 554 3150 ex
577 3086 749 3170 argumenti
772 3085 923 3148 tenuitate
946 3107 1010 3148 esse
1033 3084 1240 3168 repetendam.

377 3196 520 3280 Agnosco
551 3197 647 3280 igitur
678 3217 737 3259 non
766 3200 828 3258 tam
852 3194 998 3258 maiorem
1022 3203 1135 3271 artem,
1161 3215 1252 3276 quam
1276 3194 1421 3257 maiorem

333 3307 490 3371 veritatem
523 3313 553 3370 et
581 3305 710 3369 dicentis
734 3305 933 3388 dignitatem,
963 3310 1068 3367 natam
1091 3325 1128 3366 ex
1151 3303 1296 3367 utilitatis
1320 3303 1422 3387 publi-

334 3438 386 3480 cae
408 3416 623 3500 perspicientia
646 3424 676 3478 et
700 3414 802 3478 studio
825 3413 1040 3497 reipublicae.
1065 3411 1112 3474 Ex
1129 3434 1191 3495 quo
1207 3412 1312 3475 studio
1330 3413 1419 3476 etiam

334 3525 422 3589 facile
455 3525 625 3609 explicatur
653 3525 735 3609 quod
766 3523 892 3587 eandem
925 3523 1109 3585 sententiam
1141 3543 1246 3604 parum
1271 3530 1421 3586 mutatam

335 3634 466 3698 subinde
489 3634 600 3718 repetit
623 3633 682 3716 (Of.
710 3635 750 3696 lt
775 3639 805 3696 et
831 3634 889 3708 16,
915 3632 933 3692 5
958 3636 990 3694 et
1017 3633 1055 3693 18
1080 3630 1138 3694 sub
1162 3630 1231 3707 fin,
1259 3630 1353 3694 drub
1370 3631 1420 3693 fin.

335 3753 365 3808 et
389 3747 431 3809 tt
455 3751 486 3808 et
509 3745 551 3805 32
575 3742 632 3807 snb
654 3741 701 3822 i).
953 3757 955 3760 ·

565 3972 653 4018 XXVI.
685 3977 747 4018 ΠΕΡΙ
762 3977 819 4018 ΤΗΣ
834 3977 980 4016 ΕΤΑΝΔΡΟΤ
995 3974 1184 4014 ΔΟΚῙΜΑΣΙΑΣ.

379 4179 395 4260 ᾧ
422 4179 448 4236 l.
496 4175 628 4238 adverada
651 4175 752 4237 πολλὰ
775 4171 825 4234 acl
848 4171 926 4234 δειναὶ
949 4170 989 4241 εἷς
1012 4169 1117 4240 αὐτοὺς
1141 4167 1364 4248 ἐξημαρτηκώς,
1388 4163 1422 4229 ὧν

336 4286 525 4359 ἐπιλελῆσθαι
548 4283 597 4348 καὶ
620 4283 679 4348 ott’
701 4281 971 4358 ἀναμνησθήσεσθαι
994 4281 1080 4352 ἐνίους
1096 4282 1191 4345 αὐτῶν
1206 4277 1339 4358 νομίζεις.
1369 4276 1422 4339 Pa·

335 4417 403 4459 rum
435 4395 580 4460 intererat
603 4393 754 4470 Evandri,
786 4413 884 4455 unum
907 4397 938 4454 et
960 4389 1091 4454 alterum
1114 4389 1222 4474 (ἐνίους)
1246 4387 1420 4451 memoriam
