<?xml version="1.0" encoding="UTF-8"?>
<!DOCTYPE html PUBLIC "-//W3C//DTD XHTML 1.0 Transitional//EN"
    "http://www.w3.org/TR/xhtml1/DTD/xhtml1-transitional.dtd">
<html xmlns="http://www.w3.org/1999/xhtml" xml:lang="en" lang="en">
 <head>
  <title>
</title>
<meta http-equiv="Content-Type" content="text/html;charset=utf-8" />
  <meta name='ocr-system' content='tesseract 3.04.00' />
  <meta name='ocr-capabilities' content='ocr_page ocr_carea ocr_par ocr_line ocrx_word'/>
</head>
<body>
  <div class='ocr_page' id='page_1' title='image "./commentationesl02frangoog_0135.png"; bbox 0 0 3074 5210; ppageno 0'>
   <div class='ocr_carea' id='block_1_1' title="bbox 826 479 889 540">
    <p class='ocr_par' dir='ltr' id='par_1_1' title="bbox 826 479 889 540">
     <span class='ocr_line' id='line_1_1' title="bbox 826 479 889 540; baseline 0 -1"><span class='ocrx_word' id='word_1_1' title='bbox 826 479 889 540; x_wconf 78' lang='lat'>120</span> 
     </span>
    </p>
   </div>
   <div class='ocr_carea' id='block_1_2' title="bbox 311 672 1400 1095">
    <p class='ocr_par' dir='ltr' id='par_1_2' title="bbox 311 672 1400 1095">
     <span class='ocr_line' id='line_1_2' title="bbox 312 672 1397 765; baseline 0.012 -28"><span class='ocrx_word' id='word_1_2' title='bbox 312 682 342 737; x_wconf 90' lang='lat' dir='ltr'>et</span> <span class='ocrx_word' id='word_1_3' title='bbox 364 672 401 738; x_wconf 78' lang='lat' dir='ltr'>ola</span> <span class='ocrx_word' id='word_1_4' title='bbox 425 674 507 751; x_wconf 81' lang='grc' dir='ltr'><em>ὑμεῖς</em></span> <span class='ocrx_word' id='word_1_5' title='bbox 530 675 734 752; x_wconf 72' lang='grc' dir='ltr'><em>δημεύσητε</em></span> <span class='ocrx_word' id='word_1_6' title='bbox 758 678 927 762; x_wconf 78' lang='lat' dir='ltr'><strong>posterius,</strong></span> <span class='ocrx_word' id='word_1_7' title='bbox 951 683 968 765; x_wconf 67' lang='lat' dir='ltr'>p</span> <span class='ocrx_word' id='word_1_8' title='bbox 991 684 1010 742; x_wconf 91' lang='grc'>6</span> <span class='ocrx_word' id='word_1_9' title='bbox 1035 681 1102 757; x_wconf 83' lang='grc' dir='ltr'><em>ύμῒι</em></span> <span class='ocrx_word' id='word_1_10' title='bbox 1124 681 1165 745; x_wconf 75' lang='lat' dir='ltr'>rol</span> <span class='ocrx_word' id='word_1_11' title='bbox 1184 678 1397 759; x_wconf 69' lang='grc' dir='ltr'>Ἐρασιφῶντος</span> 
     </span>
     <span class='ocr_line' id='line_1_3' title="bbox 311 773 1399 873; baseline 0.003 -25"><span class='ocrx_word' id='word_1_12' title='bbox 311 784 441 862; x_wconf 72' lang='grc' dir='ltr'>δημεύειν</span> <span class='ocrx_word' id='word_1_13' title='bbox 472 784 574 862; x_wconf 80' lang='grc' dir='ltr'><em>ἔδοξε</em></span> <span class='ocrx_word' id='word_1_14' title='bbox 604 787 688 873; x_wconf 85' lang='lat' dir='ltr'>prius</span> <span class='ocrx_word' id='word_1_15' title='bbox 720 788 921 854; x_wconf 86' lang='lat' dir='ltr'>demonstrari</span> <span class='ocrx_word' id='word_1_16' title='bbox 944 791 1076 856; x_wconf 85' lang='lat' dir='ltr'>videtur.</span> <span class='ocrx_word' id='word_1_17' title='bbox 1116 791 1200 854; x_wconf 87' lang='lat' dir='ltr'>Haec</span> <span class='ocrx_word' id='word_1_18' title='bbox 1224 790 1267 853; x_wconf 88' lang='lat' dir='ltr'>sic</span> <span class='ocrx_word' id='word_1_19' title='bbox 1287 773 1399 853; x_wconf 87' lang='lat' dir='ltr'>debent</span> 
     </span>
     <span class='ocr_line' id='line_1_4' title="bbox 311 897 1399 983; baseline 0.002 -23"><span class='ocrx_word' id='word_1_20' title='bbox 311 897 343 960; x_wconf 93' lang='lat' dir='ltr'>in</span> <span class='ocrx_word' id='word_1_21' title='bbox 374 903 556 960; x_wconf 74' lang='lat' dir='ltr'>concentum</span> <span class='ocrx_word' id='word_1_22' title='bbox 587 898 702 983; x_wconf 80' lang='lat' dir='ltr'>redigi,</span> <span class='ocrx_word' id='word_1_23' title='bbox 734 911 770 963; x_wconf 89' lang='lat' dir='ltr'>ut</span> <span class='ocrx_word' id='word_1_24' title='bbox 801 908 989 981; x_wconf 72' lang='lat' dir='ltr'>statuamm,</span> <span class='ocrx_word' id='word_1_25' title='bbox 1023 901 1179 966; x_wconf 89' lang='lat' dir='ltr'>decretum</span> <span class='ocrx_word' id='word_1_26' title='bbox 1202 901 1262 964; x_wconf 91' lang='lat' dir='ltr'>iam</span> <span class='ocrx_word' id='word_1_27' title='bbox 1285 900 1399 964; x_wconf 84' lang='lat' dir='ltr'>factum</span> 
     </span>
     <span class='ocr_line' id='line_1_5' title="bbox 311 1007 1400 1095; baseline 0.001 -23"><span class='ocrx_word' id='word_1_28' title='bbox 311 1009 406 1072; x_wconf 79' lang='lat' dir='ltr'>fuisse</span> <span class='ocrx_word' id='word_1_29' title='bbox 429 1007 467 1072; x_wconf 88' lang='lat' dir='ltr'>dc</span> <span class='ocrx_word' id='word_1_30' title='bbox 490 1007 578 1073; x_wconf 90' lang='lat' dir='ltr'>bonis</span> <span class='ocrx_word' id='word_1_31' title='bbox 602 1010 815 1095; x_wconf 87' lang='lat' dir='ltr'>publicandis,</span> <span class='ocrx_word' id='word_1_32' title='bbox 839 1012 977 1076; x_wconf 90' lang='lat' dir='ltr'>nondum</span> <span class='ocrx_word' id='word_1_33' title='bbox 1001 1021 1102 1077; x_wconf 91' lang='lat' dir='ltr'>tamen</span> <span class='ocrx_word' id='word_1_34' title='bbox 1126 1013 1159 1076; x_wconf 89' lang='lat' dir='ltr'>in</span> <span class='ocrx_word' id='word_1_35' title='bbox 1183 1012 1332 1076; x_wconf 87' lang='lat' dir='ltr'>aerarium</span> <span class='ocrx_word' id='word_1_36' title='bbox 1356 1033 1400 1074; x_wconf 88' lang='lat' dir='ltr'>re-</span> 
     </span>
    </p>
   </div>
   <div class='ocr_carea' id='block_1_3' title="bbox 312 1118 1517 1208">
    <p class='ocr_par' dir='ltr' id='par_1_3' title="bbox 312 1118 1517 1208">
     <span class='ocr_line' id='line_1_6' title="bbox 312 1118 1517 1208; baseline 0.002 -26"><span class='ocrx_word' id='word_1_37' title='bbox 312 1118 375 1182; x_wconf 88' lang='lat' dir='ltr'>lata</span> <span class='ocrx_word' id='word_1_38' title='bbox 397 1119 500 1182; x_wconf 83' lang='lat' dir='ltr'>fuisse.</span> <span class='ocrx_word' id='word_1_39' title='bbox 545 1119 597 1184; x_wconf 88' lang='lat' dir='ltr'>Ita</span> <span class='ocrx_word' id='word_1_40' title='bbox 618 1143 680 1184; x_wconf 89' lang='lat' dir='ltr'>non</span> <span class='ocrx_word' id='word_1_41' title='bbox 704 1130 750 1186; x_wconf 86' lang='lat' dir='ltr'>est</span> <span class='ocrx_word' id='word_1_42' title='bbox 774 1145 828 1187; x_wconf 91' lang='lat' dir='ltr'>cur</span> <span class='ocrx_word' id='word_1_43' title='bbox 851 1145 905 1208; x_wconf 91' lang='lat' dir='ltr'>pro</span> <span class='ocrx_word' id='word_1_44' title='bbox 929 1123 1085 1201; x_wconf 72' lang='grc' dir='ltr'><em>δημεύεται</em></span> <span class='ocrx_word' id='word_1_45' title='bbox 1102 1146 1172 1188; x_wconf 90' lang='lat' dir='ltr'>eum</span> <span class='ocrx_word' id='word_1_46' title='bbox 1188 1123 1303 1192; x_wconf 85' lang='lat' dir='ltr'>Cobeto</span> <span class='ocrx_word' id='word_1_47' title='bbox 1320 1122 1400 1206; x_wconf 85' lang='lat' dir='ltr'>lega·</span> <span class='ocrx_word' id='word_1_48' title='bbox 1516 1133 1517 1138; x_wconf 77' lang='grc'>’</span> 
     </span>
    </p>
   </div>
   <div class='ocr_carea' id='block_1_4' title="bbox 312 1231 1402 1432">
    <p class='ocr_par' dir='ltr' id='par_1_4' title="bbox 312 1231 1402 1432">
     <span class='ocr_line' id='line_1_7' title="bbox 313 1231 1402 1320; baseline 0.001 -25"><span class='ocrx_word' id='word_1_49' title='bbox 313 1254 381 1295; x_wconf 91' lang='lat' dir='ltr'>mus</span> <span class='ocrx_word' id='word_1_50' title='bbox 405 1231 587 1308; x_wconf 77' lang='grc' dir='ltr'><em>δεδημευτιιι.</em></span> <span class='ocrx_word' id='word_1_51' title='bbox 633 1232 743 1320; x_wconf 87' lang='lat' dir='ltr'>Nuper</span> <span class='ocrx_word' id='word_1_52' title='bbox 771 1234 934 1299; x_wconf 84' lang='lat' dir='ltr'><strong>admodum</strong></span> <span class='ocrx_word' id='word_1_53' title='bbox 962 1235 1000 1300; x_wconf 93' lang='lat' dir='ltr'>de</span> <span class='ocrx_word' id='word_1_54' title='bbox 1023 1234 1215 1320; x_wconf 80' lang='lat' dir='ltr'>publicandis</span> <span class='ocrx_word' id='word_1_55' title='bbox 1239 1234 1327 1299; x_wconf 91' lang='lat' dir='ltr'>bonis</span> <span class='ocrx_word' id='word_1_56' title='bbox 1352 1233 1402 1296; x_wconf 91' lang='lat' dir='ltr'>de-</span> 
     </span>
     <span class='ocr_line' id='line_1_8' title="bbox 312 1344 1398 1432; baseline 0.001 -26"><span class='ocrx_word' id='word_1_57' title='bbox 312 1351 428 1407; x_wconf 86' lang='lat' dir='ltr'>cretum</span> <span class='ocrx_word' id='word_1_58' title='bbox 451 1344 562 1422; x_wconf 82' lang='lat' dir='ltr'>fuisse,</span> <span class='ocrx_word' id='word_1_59' title='bbox 587 1344 659 1409; x_wconf 89' lang='lat' dir='ltr'>inde</span> <span class='ocrx_word' id='word_1_60' title='bbox 676 1354 802 1430; x_wconf 89' lang='lat' dir='ltr'>apparet</span> <span class='ocrx_word' id='word_1_61' title='bbox 818 1347 902 1432; x_wconf 92' lang='lat' dir='ltr'>quod</span> <span class='ocrx_word' id='word_1_62' title='bbox 919 1347 1010 1431; x_wconf 88' lang='lat' dir='ltr'>paulo</span> <span class='ocrx_word' id='word_1_63' title='bbox 1028 1353 1098 1411; x_wconf 90' lang='lat' dir='ltr'>ante</span> <span class='ocrx_word' id='word_1_64' title='bbox 1115 1345 1185 1430; x_wconf 79' lang='grc' dir='ltr'>(νυνί</span> <span class='ocrx_word' id='word_1_65' title='bbox 1199 1348 1216 1431; x_wconf 66' lang='lat' dir='ltr'>d</span> <span class='ocrx_word' id='word_1_66' title='bbox 1233 1347 1263 1428; x_wconf 82' lang='grc'>7)</span> <span class='ocrx_word' id='word_1_67' title='bbox 1280 1346 1398 1430; x_wconf 87' lang='lat' dir='ltr'>privato</span> 
     </span>
    </p>
   </div>
   <div class='ocr_carea' id='block_1_5' title="bbox 311 1452 1518 1542">
    <p class='ocr_par' dir='ltr' id='par_1_5' title="bbox 311 1452 1518 1542">
     <span class='ocr_line' id='line_1_9' title="bbox 311 1452 1518 1542; baseline 0 -24"><span class='ocrx_word' id='word_1_68' title='bbox 311 1452 425 1518; x_wconf 90' lang='lat' dir='ltr'>iudicio</span> <span class='ocrx_word' id='word_1_69' title='bbox 449 1454 561 1538; x_wconf 86' lang='lat' dir='ltr'>petitor</span> <span class='ocrx_word' id='word_1_70' title='bbox 584 1463 752 1520; x_wconf 78' lang='lat' dir='ltr'>certaverat</span> <span class='ocrx_word' id='word_1_71' title='bbox 776 1457 814 1521; x_wconf 90' lang='lat' dir='ltr'>de</span> <span class='ocrx_word' id='word_1_72' title='bbox 838 1479 911 1542; x_wconf 84' lang='lat' dir='ltr'>agro</span> <span class='ocrx_word' id='word_1_73' title='bbox 935 1457 1120 1542; x_wconf 81' lang='lat' dir='ltr'>Oicynnensi</span> <span class='ocrx_word' id='word_1_74' title='bbox 1144 1468 1174 1520; x_wconf 90' lang='lat' dir='ltr'>et</span> <span class='ocrx_word' id='word_1_75' title='bbox 1190 1456 1299 1534; x_wconf 88' lang='lat' dir='ltr'>domo;</span> <span class='ocrx_word' id='word_1_76' title='bbox 1317 1454 1400 1541; x_wconf 93' lang='lat' dir='ltr'>quod</span> <span class='ocrx_word' id='word_1_77' title='bbox 1517 1477 1518 1480; x_wconf 45' lang='lat'>¹</span> 
     </span>
    </p>
   </div>
   <div class='ocr_carea' id='block_1_6' title="bbox 312 1565 1402 2207">
    <p class='ocr_par' dir='ltr' id='par_1_6' title="bbox 312 1565 979 1654">
     <span class='ocr_line' id='line_1_10' title="bbox 312 1565 979 1654; baseline 0.003 -24"><span class='ocrx_word' id='word_1_78' title='bbox 312 1571 394 1630; x_wconf 88' lang='lat' dir='ltr'>certe</span> <span class='ocrx_word' id='word_1_79' title='bbox 416 1565 581 1650; x_wconf 87' lang='lat' dir='ltr'>publicatis</span> <span class='ocrx_word' id='word_1_80' title='bbox 604 1565 668 1631; x_wconf 90' lang='lat' dir='ltr'>illis</span> <span class='ocrx_word' id='word_1_81' title='bbox 691 1567 758 1632; x_wconf 89' lang='lat' dir='ltr'>fieri</span> <span class='ocrx_word' id='word_1_82' title='bbox 780 1589 843 1633; x_wconf 91' lang='lat' dir='ltr'>non</span> <span class='ocrx_word' id='word_1_83' title='bbox 867 1569 979 1654; x_wconf 86' lang='lat' dir='ltr'>potuit.</span> 
     </span>
    </p>

    <p class='ocr_par' dir='ltr' id='par_1_7' title="bbox 312 1677 1402 2207">
     <span class='ocr_line' id='line_1_11' title="bbox 357 1677 1399 1761; baseline -0.001 -21"><span class='ocrx_word' id='word_1_84' title='bbox 357 1677 561 1761; x_wconf 89' lang='lat' dir='ltr'>Proscriptam</span> <span class='ocrx_word' id='word_1_85' title='bbox 602 1700 666 1742; x_wconf 89' lang='lat' dir='ltr'>esse</span> <span class='ocrx_word' id='word_1_86' title='bbox 701 1678 833 1743; x_wconf 89' lang='lat' dir='ltr'>vidimus</span> <span class='ocrx_word' id='word_1_87' title='bbox 864 1686 960 1743; x_wconf 87' lang='lat' dir='ltr'>totam</span> <span class='ocrx_word' id='word_1_88' title='bbox 989 1678 1207 1744; x_wconf 86' lang='lat' dir='ltr'>haereditatem</span> <span class='ocrx_word' id='word_1_89' title='bbox 1239 1677 1399 1753; x_wconf 79' lang='lat' dir='ltr'>llratouis3</span> 
     </span>
     <span class='ocr_line' id='line_1_12' title="bbox 314 1785 1401 1880; baseline -0.002 -28"><span class='ocrx_word' id='word_1_90' title='bbox 314 1790 520 1880; x_wconf 23' lang='lat' dir='ltr'>manifestum*</span> <span class='ocrx_word' id='word_1_91' title='bbox 537 1789 595 1853; x_wconf 91' lang='lat' dir='ltr'>hoe</span> <span class='ocrx_word' id='word_1_92' title='bbox 623 1800 669 1855; x_wconf 86' lang='lat' dir='ltr'>est</span> <span class='ocrx_word' id='word_1_93' title='bbox 692 1813 728 1855; x_wconf 81' lang='lat' dir='ltr'>ex</span> <span class='ocrx_word' id='word_1_94' title='bbox 752 1792 885 1856; x_wconf 87' lang='lat' dir='ltr'>sectione</span> <span class='ocrx_word' id='word_1_95' title='bbox 909 1796 947 1870; x_wconf 78' lang='lat'>4,</span> <span class='ocrx_word' id='word_1_96' title='bbox 977 1791 1015 1856; x_wconf 93' lang='lat' dir='ltr'>de</span> <span class='ocrx_word' id='word_1_97' title='bbox 1039 1813 1100 1876; x_wconf 88' lang='lat' dir='ltr'>qua</span> <span class='ocrx_word' id='word_1_98' title='bbox 1122 1790 1215 1875; x_wconf 89' lang='lat' dir='ltr'>paulo</span> <span class='ocrx_word' id='word_1_99' title='bbox 1238 1795 1324 1875; x_wconf 82' lang='lat' dir='ltr'>post3</span> <span class='ocrx_word' id='word_1_100' title='bbox 1349 1785 1401 1851; x_wconf 90' lang='lat' dir='ltr'>sed</span> 
     </span>
     <span class='ocr_line' id='line_1_13' title="bbox 313 1901 1401 1988; baseline -0.002 -25"><span class='ocrx_word' id='word_1_101' title='bbox 313 1908 453 1985; x_wconf 83' lang='lat' dir='ltr'>pugnant</span> <span class='ocrx_word' id='word_1_102' title='bbox 477 1923 553 1984; x_wconf 89' lang='lat' dir='ltr'>quae</span> <span class='ocrx_word' id='word_1_103' title='bbox 576 1902 775 1967; x_wconf 90' lang='lat' dir='ltr'>inveniuntur</span> <span class='ocrx_word' id='word_1_104' title='bbox 797 1905 813 1988; x_wconf 69' lang='lat' dir='ltr'>d</span> <span class='ocrx_word' id='word_1_105' title='bbox 837 1906 871 1967; x_wconf 84' lang='lat' dir='ltr'>d:</span> <span class='ocrx_word' id='word_1_106' title='bbox 896 1905 992 1979; x_wconf 70' lang='grc' dir='ltr'><em>ἐπειδὴ</em></span> <span class='ocrx_word' id='word_1_107' title='bbox 1008 1903 1033 1967; x_wconf 85' lang='grc' dir='ltr'>δ’</span> <span class='ocrx_word' id='word_1_108' title='bbox 1050 1904 1116 1981; x_wconf 83' lang='grc' dir='ltr'><em>ὑμῖν</em></span> <span class='ocrx_word' id='word_1_109' title='bbox 1133 1903 1173 1965; x_wconf 73' lang='grc' dir='ltr'>τύ</span> <span class='ocrx_word' id='word_1_110' title='bbox 1187 1901 1401 1981; x_wconf 68' lang='grc' dir='ltr'><em>Ἐρασιφῶν-</em></span> 
     </span>
     <span class='ocr_line' id='line_1_14' title="bbox 312 2010 1400 2099; baseline -0.002 -25"><span class='ocrx_word' id='word_1_111' title='bbox 312 2033 371 2082; x_wconf 83' lang='grc' dir='ltr'>τος</span> <span class='ocrx_word' id='word_1_112' title='bbox 395 2011 498 2094; x_wconf 87' lang='lat' dir='ltr'>(unius</span> <span class='ocrx_word' id='word_1_113' title='bbox 522 2033 558 2076; x_wconf 83' lang='lat' dir='ltr'>ex</span> <span class='ocrx_word' id='word_1_114' title='bbox 581 2012 679 2077; x_wconf 86' lang='lat' dir='ltr'>tribus</span> <span class='ocrx_word' id='word_1_115' title='bbox 702 2013 775 2078; x_wconf 85' lang='lat' dir='ltr'>filiis</span> <span class='ocrx_word' id='word_1_116' title='bbox 798 2013 954 2099; x_wconf 79' lang='lat' dir='ltr'>Eratonis)</span> <span class='ocrx_word' id='word_1_117' title='bbox 979 2014 1110 2093; x_wconf 80' lang='grc' dir='ltr'><em>δημεύειν</em></span> <span class='ocrx_word' id='word_1_118' title='bbox 1130 2011 1242 2089; x_wconf 82' lang='grc' dir='ltr'><em>ἔδοξεν,</em></span> <span class='ocrx_word' id='word_1_119' title='bbox 1258 2010 1348 2092; x_wconf 81' lang='grc' dir='ltr'><em>ύφεὶς</em></span> <span class='ocrx_word' id='word_1_120' title='bbox 1365 2016 1400 2087; x_wconf 73' lang='grc' dir='ltr'>τη</span> 
     </span>
     <span class='ocr_line' id='line_1_15' title="bbox 314 2117 1402 2207; baseline -0.003 -22"><span class='ocrx_word' id='word_1_121' title='bbox 314 2121 396 2186; x_wconf 74' lang='grc' dir='ltr'><em>πόλει</em></span> <span class='ocrx_word' id='word_1_122' title='bbox 418 2122 460 2187; x_wconf 73' lang='grc' dir='ltr'>τὰ</span> <span class='ocrx_word' id='word_1_123' title='bbox 482 2123 528 2188; x_wconf 85' lang='grc' dir='ltr'>δύο</span> <span class='ocrx_word' id='word_1_124' title='bbox 551 2122 638 2205; x_wconf 81' lang='grc' dir='ltr'><em>μέρη,</em></span> <span class='ocrx_word' id='word_1_125' title='bbox 660 2125 701 2190; x_wconf 75' lang='grc' dir='ltr'>τὰ</span> <span class='ocrx_word' id='word_1_126' title='bbox 717 2124 945 2207; x_wconf 67' lang='grc' dir='ltr'><em>Ἐρασιστράτου</em></span> <span class='ocrx_word' id='word_1_127' title='bbox 961 2123 1030 2200; x_wconf 71' lang='grc' dir='ltr'><em>ἀξιῶ</em></span> <span class='ocrx_word' id='word_1_128' title='bbox 1048 2147 1096 2203; x_wconf 80' lang='grc' dir='ltr'>μοι</span> <span class='ocrx_word' id='word_1_129' title='bbox 1115 2123 1306 2205; x_wconf 68' lang='grc' dir='ltr'><em>ψηφισθῆναι.</em></span> <span class='ocrx_word' id='word_1_130' title='bbox 1343 2117 1402 2182; x_wconf 83' lang='lat' dir='ltr'>Sed</span> 
     </span>
    </p>
   </div>
   <div class='ocr_carea' id='block_1_7' title="bbox 314 2229 1520 2321">
    <p class='ocr_par' dir='ltr' id='par_1_8' title="bbox 314 2229 1520 2321">
     <span class='ocr_line' id='line_1_16' title="bbox 314 2229 1520 2321; baseline -0.002 -25"><span class='ocrx_word' id='word_1_131' title='bbox 314 2232 352 2297; x_wconf 92' lang='lat' dir='ltr'>ab</span> <span class='ocrx_word' id='word_1_132' title='bbox 375 2241 494 2298; x_wconf 85' lang='lat' dir='ltr'>oratore</span> <span class='ocrx_word' id='word_1_133' title='bbox 517 2235 561 2298; x_wconf 92' lang='lat' dir='ltr'>ita</span> <span class='ocrx_word' id='word_1_134' title='bbox 584 2234 677 2299; x_wconf 88' lang='lat' dir='ltr'>scribi</span> <span class='ocrx_word' id='word_1_135' title='bbox 700 2257 765 2300; x_wconf 90' lang='lat' dir='ltr'>nou</span> <span class='ocrx_word' id='word_1_136' title='bbox 789 2237 943 2321; x_wconf 85' lang='lat' dir='ltr'>potuisse,</span> <span class='ocrx_word' id='word_1_137' title='bbox 968 2235 1104 2300; x_wconf 88' lang='lat' dir='ltr'>ostendit</span> <span class='ocrx_word' id='word_1_138' title='bbox 1126 2235 1193 2321; x_wconf 87' lang='lat' dir='ltr'>ipsa</span> <span class='ocrx_word' id='word_1_139' title='bbox 1211 2255 1275 2311; x_wconf 84' lang='lat' dir='ltr'>res;</span> <span class='ocrx_word' id='word_1_140' title='bbox 1293 2253 1365 2296; x_wconf 91' lang='lat' dir='ltr'>nam</span> <span class='ocrx_word' id='word_1_141' title='bbox 1378 2229 1403 2292; x_wconf 88' lang='lat' dir='ltr'>si</span> <span class='ocrx_word' id='word_1_142' title='bbox 1519 2288 1520 2306; x_wconf 15' lang='grc' dir='ltr'>ἶ</span> 
     </span>
    </p>
   </div>
   <div class='ocr_carea' id='block_1_8' title="bbox 287 2341 1404 3989">
    <p class='ocr_par' dir='ltr' id='par_1_9' title="bbox 313 2341 1404 3298">
     <span class='ocr_line' id='line_1_17' title="bbox 313 2341 1402 2430; baseline -0.004 -23"><span class='ocrx_word' id='word_1_143' title='bbox 313 2343 526 2430; x_wconf 80' lang='lat' dir='ltr'>Erasiphontis</span> <span class='ocrx_word' id='word_1_144' title='bbox 549 2352 671 2410; x_wconf 87' lang='lat' dir='ltr'>tanturn</span> <span class='ocrx_word' id='word_1_145' title='bbox 693 2345 774 2411; x_wconf 90' lang='lat' dir='ltr'>bona</span> <span class='ocrx_word' id='word_1_146' title='bbox 795 2347 910 2411; x_wconf 85' lang='lat' dir='ltr'>aerario</span> <span class='ocrx_word' id='word_1_147' title='bbox 926 2346 1081 2411; x_wconf 88' lang='lat' dir='ltr'>vindicata</span> <span class='ocrx_word' id='word_1_148' title='bbox 1096 2354 1214 2423; x_wconf 88' lang='lat' dir='ltr'>essent,</span> <span class='ocrx_word' id='word_1_149' title='bbox 1230 2341 1309 2408; x_wconf 91' lang='lat' dir='ltr'>nihil</span> <span class='ocrx_word' id='word_1_150' title='bbox 1326 2364 1402 2427; x_wconf 89' lang='lat' dir='ltr'>opus</span> 
     </span>
     <span class='ocr_line' id='line_1_18' title="bbox 314 2454 1404 2542; baseline -0.002 -24"><span class='ocrx_word' id='word_1_151' title='bbox 314 2461 378 2518; x_wconf 88' lang='lat' dir='ltr'>erat</span> <span class='ocrx_word' id='word_1_152' title='bbox 409 2455 467 2518; x_wconf 92' lang='lat' dir='ltr'>hoc</span> <span class='ocrx_word' id='word_1_153' title='bbox 498 2454 631 2532; x_wconf 90' lang='lat' dir='ltr'>indicio,</span> <span class='ocrx_word' id='word_1_154' title='bbox 656 2456 807 2542; x_wconf 90' lang='lat' dir='ltr'>siquidem</span> <span class='ocrx_word' id='word_1_155' title='bbox 830 2465 915 2521; x_wconf 87' lang='lat' dir='ltr'>actor</span> <span class='ocrx_word' id='word_1_156' title='bbox 937 2456 1017 2521; x_wconf 89' lang='lat' dir='ltr'>nihil</span> <span class='ocrx_word' id='word_1_157' title='bbox 1040 2457 1099 2521; x_wconf 89' lang='lat' dir='ltr'>nisi</span> <span class='ocrx_word' id='word_1_158' title='bbox 1122 2456 1300 2520; x_wconf 78' lang='lat' dir='ltr'>Erasistrati</span> <span class='ocrx_word' id='word_1_159' title='bbox 1324 2455 1404 2519; x_wconf 88' lang='lat' dir='ltr'>bona</span> 
     </span>
     <span class='ocr_line' id='line_1_19' title="bbox 313 2563 1404 2653; baseline 0.001 -25"><span class='ocrx_word' id='word_1_160' title='bbox 313 2563 372 2628; x_wconf 86' lang='lat' dir='ltr'>sibi</span> <span class='ocrx_word' id='word_1_161' title='bbox 400 2566 551 2650; x_wconf 86' lang='lat' dir='ltr'>postulat,</span> <span class='ocrx_word' id='word_1_162' title='bbox 577 2567 659 2647; x_wconf 80' lang='grc' dir='ltr'><em>διότι,</em></span> <span class='ocrx_word' id='word_1_163' title='bbox 687 2569 806 2653; x_wconf 90' lang='lat' dir='ltr'>inquit,</span> <span class='ocrx_word' id='word_1_164' title='bbox 836 2570 936 2634; x_wconf 74' lang='grc' dir='ltr'><em>ταῦτύ</em></span> <span class='ocrx_word' id='word_1_165' title='bbox 959 2569 991 2646; x_wconf 75' lang='grc' dir='ltr'>γ’</span> <span class='ocrx_word' id='word_1_166' title='bbox 1015 2569 1065 2645; x_wconf 78' lang='grc' dir='ltr'>ἤδη</span> <span class='ocrx_word' id='word_1_167' title='bbox 1089 2568 1138 2632; x_wconf 78' lang='lat' dir='ltr'>acl</span> <span class='ocrx_word' id='word_1_168' title='bbox 1161 2567 1292 2649; x_wconf 79' lang='grc' dir='ltr'><em>πρότερον</em></span> <span class='ocrx_word' id='word_1_169' title='bbox 1317 2563 1404 2644; x_wconf 54' lang='lat' dir='ltr'>aad·</span> 
     </span>
     <span class='ocr_line' id='line_1_20' title="bbox 313 2673 1404 2764; baseline 0.001 -24"><span class='ocrx_word' id='word_1_170' title='bbox 313 2678 377 2740; x_wconf 78' lang='lat' dir='ltr'>acd&#39;</span> <span class='ocrx_word' id='word_1_171' title='bbox 396 2677 509 2756; x_wconf 75' lang='grc' dir='ltr'><em>ἡμέτερ’</em></span> <span class='ocrx_word' id='word_1_172' title='bbox 535 2673 616 2742; x_wconf 75' lang='lat' dir='ltr'>eluar.</span> <span class='ocrx_word' id='word_1_173' title='bbox 648 2676 743 2742; x_wconf 83' lang='lat' dir='ltr'>-Sunt</span> <span class='ocrx_word' id='word_1_174' title='bbox 774 2685 876 2743; x_wconf 87' lang='lat' dir='ltr'>autem</span> <span class='ocrx_word' id='word_1_175' title='bbox 908 2701 979 2764; x_wconf 85' lang='lat' dir='ltr'>ager</span> <span class='ocrx_word' id='word_1_176' title='bbox 1002 2678 1160 2764; x_wconf 83' lang='lat' dir='ltr'>Sphettins</span> <span class='ocrx_word' id='word_1_177' title='bbox 1181 2686 1213 2742; x_wconf 93' lang='lat' dir='ltr'>et</span> <span class='ocrx_word' id='word_1_178' title='bbox 1235 2677 1404 2763; x_wconf 80' lang='lat' dir='ltr'>Cicynnen·</span> 
     </span>
     <span class='ocr_line' id='line_1_21' title="bbox 313 2787 1404 2874; baseline 0 -24"><span class='ocrx_word' id='word_1_179' title='bbox 313 2787 354 2850; x_wconf 83' lang='lat' dir='ltr'>sis</span> <span class='ocrx_word' id='word_1_180' title='bbox 386 2810 456 2852; x_wconf 89' lang='lat' dir='ltr'>cum</span> <span class='ocrx_word' id='word_1_181' title='bbox 487 2788 592 2866; x_wconf 91' lang='lat' dir='ltr'>domo,</span> <span class='ocrx_word' id='word_1_182' title='bbox 625 2811 704 2873; x_wconf 87' lang='lat' dir='ltr'>quae</span> <span class='ocrx_word' id='word_1_183' title='bbox 727 2789 780 2853; x_wconf 92' lang='lat' dir='ltr'>ille</span> <span class='ocrx_word' id='word_1_184' title='bbox 803 2789 923 2854; x_wconf 89' lang='lat' dir='ltr'>dudum</span> <span class='ocrx_word' id='word_1_185' title='bbox 947 2797 1001 2854; x_wconf 91' lang='lat' dir='ltr'>aut</span> <span class='ocrx_word' id='word_1_186' title='bbox 1024 2790 1089 2874; x_wconf 90' lang='lat' dir='ltr'>ipse</span> <span class='ocrx_word' id='word_1_187' title='bbox 1113 2795 1258 2854; x_wconf 88' lang='lat' dir='ltr'>tenuerat</span> <span class='ocrx_word' id='word_1_188' title='bbox 1282 2796 1337 2853; x_wconf 92' lang='lat' dir='ltr'>aut</span> <span class='ocrx_word' id='word_1_189' title='bbox 1360 2789 1404 2851; x_wconf 88' lang='lat' dir='ltr'>iu-</span> 
     </span>
     <span class='ocr_line' id='line_1_22' title="bbox 314 2897 1404 2966; baseline 0 -4"><span class='ocrx_word' id='word_1_190' title='bbox 314 2898 394 2963; x_wconf 91' lang='lat' dir='ltr'>dicio</span> <span class='ocrx_word' id='word_1_191' title='bbox 422 2899 481 2964; x_wconf 83' lang='lat' dir='ltr'>sibi</span> <span class='ocrx_word' id='word_1_192' title='bbox 513 2901 666 2965; x_wconf 89' lang='lat' dir='ltr'>vindicare</span> <span class='ocrx_word' id='word_1_193' title='bbox 697 2899 866 2966; x_wconf 84' lang='lat' dir='ltr'>identidem</span> <span class='ocrx_word' id='word_1_194' title='bbox 898 2908 1027 2966; x_wconf 86' lang='lat' dir='ltr'>conatus</span> <span class='ocrx_word' id='word_1_195' title='bbox 1052 2908 1126 2965; x_wconf 88' lang='lat' dir='ltr'>erat.</span> <span class='ocrx_word' id='word_1_196' title='bbox 1173 2900 1250 2965; x_wconf 78' lang='lat' dir='ltr'>Rem</span> <span class='ocrx_word' id='word_1_197' title='bbox 1272 2897 1404 2964; x_wconf 87' lang='lat' dir='ltr'>animad-</span> 
     </span>
     <span class='ocr_line' id='line_1_23' title="bbox 313 3010 1401 3098; baseline 0.001 -26"><span class='ocrx_word' id='word_1_198' title='bbox 313 3011 405 3078; x_wconf 89' lang='lat' dir='ltr'>vertit</span> <span class='ocrx_word' id='word_1_199' title='bbox 429 3011 520 3075; x_wconf 87' lang='lat' dir='ltr'>etiarn</span> <span class='ocrx_word' id='word_1_200' title='bbox 544 3013 677 3077; x_wconf 88' lang='lat' dir='ltr'>Meierus</span> <span class='ocrx_word' id='word_1_201' title='bbox 700 3035 730 3098; x_wconf 88' lang='lat' dir='ltr'>p.</span> <span class='ocrx_word' id='word_1_202' title='bbox 758 3015 832 3077; x_wconf 75' lang='lat'><strong>192.</strong></span> <span class='ocrx_word' id='word_1_203' title='bbox 880 3011 952 3078; x_wconf 92' lang='lat' dir='ltr'>Non</span> <span class='ocrx_word' id='word_1_204' title='bbox 978 3011 1144 3077; x_wconf 89' lang='lat' dir='ltr'>admodum</span> <span class='ocrx_word' id='word_1_205' title='bbox 1167 3010 1325 3097; x_wconf 86' lang='lat' dir='ltr'>probabile</span> <span class='ocrx_word' id='word_1_206' title='bbox 1342 3015 1401 3085; x_wconf 88' lang='lat' dir='ltr'>est,</span> 
     </span>
     <span class='ocr_line' id='line_1_24' title="bbox 314 3121 1403 3208; baseline -0.002 -23"><span class='ocrx_word' id='word_1_207' title='bbox 314 3121 423 3186; x_wconf 88' lang='lat' dir='ltr'>vitium</span> <span class='ocrx_word' id='word_1_208' title='bbox 455 3144 520 3187; x_wconf 86' lang='lat' dir='ltr'>esse</span> <span class='ocrx_word' id='word_1_209' title='bbox 550 3122 683 3201; x_wconf 87' lang='lat' dir='ltr'>librarii;</span> <span class='ocrx_word' id='word_1_210' title='bbox 715 3123 798 3188; x_wconf 89' lang='lat' dir='ltr'>cadit</span> <span class='ocrx_word' id='word_1_211' title='bbox 828 3123 931 3208; x_wconf 87' lang='lat' dir='ltr'>potius</span> <span class='ocrx_word' id='word_1_212' title='bbox 968 3123 1001 3188; x_wconf 91' lang='lat' dir='ltr'>in</span> <span class='ocrx_word' id='word_1_213' title='bbox 1031 3122 1226 3188; x_wconf 81' lang='lat' dir='ltr'>festinantem</span> <span class='ocrx_word' id='word_1_214' title='bbox 1261 3122 1403 3208; x_wconf 88' lang='lat' dir='ltr'>epitoma·</span> 
     </span>
     <span class='ocr_line' id='line_1_25' title="bbox 315 3239 422 3298; baseline 0.028 -3"><span class='ocrx_word' id='word_1_215' title='bbox 315 3239 422 3298; x_wconf 86' lang='lat' dir='ltr'>torem.</span> 
     </span>
    </p>

    <p class='ocr_par' dir='ltr' id='par_1_10' title="bbox 287 3339 1402 3989">
     <span class='ocr_line' id='line_1_26' title="bbox 360 3339 1402 3432; baseline -0.006 -23"><span class='ocrx_word' id='word_1_216' title='bbox 360 3344 407 3410; x_wconf 93' lang='lat' dir='ltr'>De</span> <span class='ocrx_word' id='word_1_217' title='bbox 438 3346 651 3431; x_wconf 81' lang='lat' dir='ltr'>Erasiphontis</span> <span class='ocrx_word' id='word_1_218' title='bbox 682 3346 770 3411; x_wconf 92' lang='lat' dir='ltr'>bonis</span> <span class='ocrx_word' id='word_1_219' title='bbox 802 3368 897 3432; x_wconf 91' lang='lat' dir='ltr'>quum</span> <span class='ocrx_word' id='word_1_220' title='bbox 929 3346 1008 3410; x_wconf 89' lang='lat' dir='ltr'>actio</span> <span class='ocrx_word' id='word_1_221' title='bbox 1039 3352 1117 3409; x_wconf 86' lang='lat' dir='ltr'>esset</span> <span class='ocrx_word' id='word_1_222' title='bbox 1147 3345 1290 3409; x_wconf 89' lang='lat' dir='ltr'>instituta</span> <span class='ocrx_word' id='word_1_223' title='bbox 1321 3339 1402 3430; x_wconf 88' lang='lat' dir='ltr'>apud</span> 
     </span>
     <span class='ocr_line' id='line_1_27' title="bbox 316 3456 1401 3544; baseline -0.003 -24"><span class='ocrx_word' id='word_1_224' title='bbox 316 3457 432 3522; x_wconf 91' lang='lat' dir='ltr'>iudices</span> <span class='ocrx_word' id='word_1_225' title='bbox 455 3459 611 3544; x_wconf 78' lang='lat' dir='ltr'>vulgareS,</span> <span class='ocrx_word' id='word_1_226' title='bbox 634 3459 843 3544; x_wconf 85' lang='lat' dir='ltr'>exceptionem</span> <span class='ocrx_word' id='word_1_227' title='bbox 866 3463 1028 3522; x_wconf 86' lang='lat' dir='ltr'>moverunt</span> <span class='ocrx_word' id='word_1_228' title='bbox 1051 3457 1115 3522; x_wconf 90' lang='lat' dir='ltr'>eius</span> <span class='ocrx_word' id='word_1_229' title='bbox 1139 3456 1401 3534; x_wconf 70' lang='lat' dir='ltr'>affi1c8‚causam</span> 
     </span>
     <span class='ocr_line' id='line_1_28' title="bbox 287 3567 1400 3651; baseline -0.002 -19"><span class='ocrx_word' id='word_1_230' title='bbox 287 3597 293 3604; x_wconf 94' lang='lat'>·</span> <span class='ocrx_word' id='word_1_231' title='bbox 317 3567 355 3632; x_wconf 90' lang='lat' dir='ltr'>ad</span> <span class='ocrx_word' id='word_1_232' title='bbox 378 3569 546 3636; x_wconf 80' lang='grc' dir='ltr'><em>ιιιυτσδίιιωι</em></span> <span class='ocrx_word' id='word_1_233' title='bbox 569 3571 669 3635; x_wconf 84' lang='lat' dir='ltr'>forum</span> <span class='ocrx_word' id='word_1_234' title='bbox 692 3569 890 3635; x_wconf 85' lang='lat' dir='ltr'>reiicicndem</span> <span class='ocrx_word' id='word_1_235' title='bbox 914 3591 979 3633; x_wconf 84' lang='lat' dir='ltr'>esse</span> <span class='ocrx_word' id='word_1_236' title='bbox 1002 3567 1238 3646; x_wconf 81' lang='lat' dir='ltr'>contendentes3</span> <span class='ocrx_word' id='word_1_237' title='bbox 1263 3567 1285 3631; x_wconf 91' lang='lat' dir='ltr'>ii</span> <span class='ocrx_word' id='word_1_238' title='bbox 1307 3579 1400 3651; x_wconf 83' lang='lat' dir='ltr'>quum</span> 
     </span>
     <span class='ocr_line' id='line_1_29' title="bbox 316 3678 1400 3764; baseline -0.002 -21"><span class='ocrx_word' id='word_1_239' title='bbox 316 3680 364 3745; x_wconf 85' lang='lat' dir='ltr'>ius</span> <span class='ocrx_word' id='word_1_240' title='bbox 395 3680 531 3746; x_wconf 87' lang='lat' dir='ltr'>dicerent</span> <span class='ocrx_word' id='word_1_241' title='bbox 562 3681 661 3745; x_wconf 90' lang='lat' dir='ltr'>hieme</span> <span class='ocrx_word' id='word_1_242' title='bbox 689 3688 812 3745; x_wconf 90' lang='lat' dir='ltr'>tantum</span> <span class='ocrx_word' id='word_1_243' title='bbox 835 3681 884 3764; x_wconf 80' lang='lat' dir='ltr'>(cf.</span> <span class='ocrx_word' id='word_1_244' title='bbox 909 3678 1043 3743; x_wconf 87' lang='lat' dir='ltr'>Boeckh.</span> <span class='ocrx_word' id='word_1_245' title='bbox 1068 3678 1199 3742; x_wconf 83' lang='lat' dir='ltr'>Staatsh.</span> <span class='ocrx_word' id='word_1_246' title='bbox 1223 3678 1250 3742; x_wconf 90' lang='lat' dir='ltr'>I.</span> <span class='ocrx_word' id='word_1_247' title='bbox 1274 3703 1305 3764; x_wconf 87' lang='lat' dir='ltr'>p.</span> <span class='ocrx_word' id='word_1_248' title='bbox 1331 3681 1400 3762; x_wconf 75' lang='grc' dir='ltr'>ὀύ),</span> 
     </span>
     <span class='ocr_line' id='line_1_30' title="bbox 317 3789 1402 3877; baseline -0.002 -23"><span class='ocrx_word' id='word_1_249' title='bbox 317 3799 437 3877; x_wconf 88' lang='lat' dir='ltr'>tempus</span> <span class='ocrx_word' id='word_1_250' title='bbox 461 3815 492 3856; x_wconf 89' lang='lat' dir='ltr'>se</span> <span class='ocrx_word' id='word_1_251' title='bbox 516 3798 704 3857; x_wconf 84' lang='lat' dir='ltr'>extracturos</span> <span class='ocrx_word' id='word_1_252' title='bbox 729 3791 900 3877; x_wconf 86' lang='lat' dir='ltr'>sperabant.</span> <span class='ocrx_word' id='word_1_253' title='bbox 948 3789 1036 3870; x_wconf 79' lang='lat' dir='ltr'>Quae</span> <span class='ocrx_word' id='word_1_254' title='bbox 1058 3812 1105 3854; x_wconf 90' lang='lat' dir='ltr'>res</span> <span class='ocrx_word' id='word_1_255' title='bbox 1121 3791 1166 3864; x_wconf 89' lang='lat' dir='ltr'>iis</span> <span class='ocrx_word' id='word_1_256' title='bbox 1189 3791 1315 3855; x_wconf 87' lang='lat' dir='ltr'>mirifice</span> <span class='ocrx_word' id='word_1_257' title='bbox 1338 3811 1402 3855; x_wconf 89' lang='lat' dir='ltr'>suc-</span> 
     </span>
     <span class='ocr_line' id='line_1_31' title="bbox 318 3900 1401 3989; baseline -0.003 -22"><span class='ocrx_word' id='word_1_258' title='bbox 318 3903 417 3967; x_wconf 89' lang='lat' dir='ltr'>cessit.</span> <span class='ocrx_word' id='word_1_259' title='bbox 465 3901 546 3966; x_wconf 89' lang='lat' dir='ltr'>Nam</span> <span class='ocrx_word' id='word_1_260' title='bbox 570 3926 662 3968; x_wconf 88' lang='lat' dir='ltr'>causa</span> <span class='ocrx_word' id='word_1_261' title='bbox 685 3903 723 3968; x_wconf 90' lang='lat' dir='ltr'>ad</span> <span class='ocrx_word' id='word_1_262' title='bbox 746 3903 915 3989; x_wconf 82' lang='lat' dir='ltr'>proximam</span> <span class='ocrx_word' id='word_1_263' title='bbox 937 3903 1067 3966; x_wconf 88' lang='lat' dir='ltr'>hiemem</span> <span class='ocrx_word' id='word_1_264' title='bbox 1090 3902 1236 3988; x_wconf 88' lang='lat' dir='ltr'>ampliata</span> <span class='ocrx_word' id='word_1_265' title='bbox 1258 3909 1313 3968; x_wconf 86' lang='lat' dir='ltr'>est.</span> <span class='ocrx_word' id='word_1_266' title='bbox 1348 3900 1401 3967; x_wconf 89' lang='lat' dir='ltr'>Ni·</span> 
     </span>
    </p>
   </div>
   <div class='ocr_carea' id='block_1_9' title="bbox 315 4009 1402 4546">
    <p class='ocr_par' dir='ltr' id='par_1_11' title="bbox 315 4009 1402 4546">
     <span class='ocr_line' id='line_1_32' title="bbox 315 4009 1402 4101; baseline -0.004 -23"><span class='ocrx_word' id='word_1_267' title='bbox 315 4009 428 4078; x_wconf 88' lang='lat' dir='ltr'>mirum</span> <span class='ocrx_word' id='word_1_268' title='bbox 457 4014 630 4100; x_wconf 79' lang='lat' dir='ltr'>Erasiphon</span> <span class='ocrx_word' id='word_1_269' title='bbox 662 4023 692 4079; x_wconf 88' lang='lat' dir='ltr'>et</span> <span class='ocrx_word' id='word_1_270' title='bbox 722 4016 797 4080; x_wconf 91' lang='lat' dir='ltr'>olim</span> <span class='ocrx_word' id='word_1_271' title='bbox 827 4018 854 4100; x_wconf 64' lang='lat' dir='ltr'>(b</span> <span class='ocrx_word' id='word_1_272' title='bbox 885 4017 917 4101; x_wconf 87' lang='lat'>3)</span> <span class='ocrx_word' id='word_1_273' title='bbox 948 4024 979 4079; x_wconf 90' lang='lat' dir='ltr'>et</span> <span class='ocrx_word' id='word_1_274' title='bbox 1000 4037 1082 4078; x_wconf 90' lang='lat' dir='ltr'>nuno</span> <span class='ocrx_word' id='word_1_275' title='bbox 1105 4021 1291 4080; x_wconf 89' lang='lat' dir='ltr'>mercaturae</span> <span class='ocrx_word' id='word_1_276' title='bbox 1314 4033 1402 4080; x_wconf 85' lang='lat' dir='ltr'>causa</span> 
     </span>
     <span class='ocr_line' id='line_1_33' title="bbox 316 4125 1399 4212; baseline 0 -23"><span class='ocrx_word' id='word_1_277' title='bbox 316 4126 567 4211; x_wconf 82' lang='lat' dir='ltr'>peregrinabatur</span> <span class='ocrx_word' id='word_1_278' title='bbox 603 4127 779 4212; x_wconf 82' lang='lat' dir='ltr'>(legendum</span> <span class='ocrx_word' id='word_1_279' title='bbox 824 4128 944 4208; x_wconf 79' lang='grc' dir='ltr'><em>ἔμτσριι</em></span> <span class='ocrx_word' id='word_1_280' title='bbox 983 4149 1045 4192; x_wconf 91' lang='lat' dir='ltr'>non</span> <span class='ocrx_word' id='word_1_281' title='bbox 1079 4126 1217 4209; x_wconf 79' lang='grc' dir='ltr'><em>ἔμτσρσι).</em></span> <span class='ocrx_word' id='word_1_282' title='bbox 1276 4125 1399 4191; x_wconf 90' lang='lat' dir='ltr'>Interim</span> 
     </span>
     <span class='ocr_line' id='line_1_34' title="bbox 319 4236 1400 4323; baseline -0.006 -21"><span class='ocrx_word' id='word_1_283' title='bbox 319 4237 399 4302; x_wconf 89' lang='lat' dir='ltr'>bona</span> <span class='ocrx_word' id='word_1_284' title='bbox 422 4239 524 4302; x_wconf 88' lang='lat' dir='ltr'>omnia</span> <span class='ocrx_word' id='word_1_285' title='bbox 545 4237 690 4302; x_wconf 79' lang='lat' dir='ltr'>Eratonis</span> <span class='ocrx_word' id='word_1_286' title='bbox 713 4261 790 4322; x_wconf 88' lang='lat' dir='ltr'>quae</span> <span class='ocrx_word' id='word_1_287' title='bbox 812 4239 950 4315; x_wconf 86' lang='lat' dir='ltr'>fuerant,</span> <span class='ocrx_word' id='word_1_288' title='bbox 968 4237 1174 4323; x_wconf 89' lang='lat' dir='ltr'>publicantur.</span> <span class='ocrx_word' id='word_1_289' title='bbox 1199 4236 1309 4315; x_wconf 91' lang='lat' dir='ltr'>Nunc,</span> <span class='ocrx_word' id='word_1_290' title='bbox 1326 4254 1400 4320; x_wconf 84' lang='lat' dir='ltr'>qnae</span> 
     </span>
     <span class='ocr_line' id='line_1_35' title="bbox 319 4345 1400 4432; baseline -0.001 -22"><span class='ocrx_word' id='word_1_291' title='bbox 319 4347 367 4410; x_wconf 87' lang='lat' dir='ltr'>via</span> <span class='ocrx_word' id='word_1_292' title='bbox 398 4349 435 4412; x_wconf 88' lang='lat' dir='ltr'>ad</span> <span class='ocrx_word' id='word_1_293' title='bbox 467 4356 584 4432; x_wconf 87' lang='lat' dir='ltr'>partem</span> <span class='ocrx_word' id='word_1_294' title='bbox 615 4357 695 4413; x_wconf 90' lang='lat' dir='ltr'>certe</span> <span class='ocrx_word' id='word_1_295' title='bbox 725 4348 940 4414; x_wconf 87' lang='lat' dir='ltr'>vindicandam</span> <span class='ocrx_word' id='word_1_296' title='bbox 971 4347 1147 4412; x_wconf 86' lang='lat' dir='ltr'>brevissima</span> <span class='ocrx_word' id='word_1_297' title='bbox 1170 4356 1247 4426; x_wconf 89' lang='lat' dir='ltr'>erat,</span> <span class='ocrx_word' id='word_1_298' title='bbox 1272 4371 1337 4412; x_wconf 89' lang='lat' dir='ltr'>eam</span> <span class='ocrx_word' id='word_1_299' title='bbox 1359 4345 1400 4409; x_wconf 91' lang='lat' dir='ltr'>in·</span> 
     </span>
     <span class='ocr_line' id='line_1_36' title="bbox 319 4458 1400 4546; baseline -0.004 -24"><span class='ocrx_word' id='word_1_300' title='bbox 319 4458 466 4542; x_wconf 81' lang='lat' dir='ltr'>greditur.</span> <span class='ocrx_word' id='word_1_301' title='bbox 503 4460 692 4544; x_wconf 73' lang='lat' dir='ltr'>Bosporano,</span> <span class='ocrx_word' id='word_1_302' title='bbox 716 4460 807 4546; x_wconf 87' lang='lat' dir='ltr'>plane</span> <span class='ocrx_word' id='word_1_303' title='bbox 831 4483 862 4525; x_wconf 87' lang='lat' dir='ltr'>se</span> <span class='ocrx_word' id='word_1_304' title='bbox 885 4483 975 4526; x_wconf 89' lang='lat' dir='ltr'>sunm</span> <span class='ocrx_word' id='word_1_305' title='bbox 990 4462 1039 4524; x_wconf 90' lang='lat' dir='ltr'>ius</span> <span class='ocrx_word' id='word_1_306' title='bbox 1055 4460 1254 4526; x_wconf 88' lang='lat' dir='ltr'>obtenturum</span> <span class='ocrx_word' id='word_1_307' title='bbox 1270 4467 1300 4525; x_wconf 89' lang='lat' dir='ltr'>et</span> <span class='ocrx_word' id='word_1_308' title='bbox 1315 4462 1400 4525; x_wconf 77' lang='grc' dir='ltr'><em>πλέον</em></span> 
     </span>
    </p>
   </div>
   <div class='ocr_carea' id='block_1_10' title="bbox 0 0 1551 5210">
    <p class='ocr_par' dir='ltr' id='par_1_12' title="bbox 0 0 1551 5210">
     <span class='ocr_line' id='line_1_37' title="bbox 0 0 1551 5210; baseline 0 0"><span class='ocrx_word' id='word_1_309' title='bbox 0 0 1551 5210; x_wconf 95' lang='lat' dir='ltr'> </span> 
     </span>
    </p>
   </div>
  </div>
 </body>
</html>
