3128 5208
691 443 733 508 28

167 641 330 718 σύγκειταί
350 667 385 707 τε
406 643 613 726 Φοσιιαὸτερον,
638 643 686 708 καὶ
712 642 933 725 ἐσχημάτισται
950 645 1160 725 ἁπλούστερον·
1178 646 1259 728 ἡδονῇ

166 773 202 813 τε
236 750 285 816 καὶ
315 751 415 833 χάριτι
447 764 543 836 πολλῇ
573 754 725 835 κέχρηται.
773 754 820 819 Ib.
846 776 871 819 c.
896 760 916 818 4
940 754 1051 841 Lysiae
1074 755 1259 823 adscribitur

167 862 304 939 οὶοτνιότιις
327 863 377 928 καὶ
399 864 497 946 χάρις.
533 863 592 930 His
615 864 711 950 igitur
733 864 853 930 nolletis
873 873 999 952 apparet
1017 865 1152 951 Lysiam,
1174 869 1256 952 quod

167 982 251 1038 essct
273 983 384 1042 netnre
405 976 537 1042 disertus
561 985 590 1041 et
614 962 757 1062 simplex,
783 976 902 1040 sobrius
925 976 1007 1042 idem
1030 984 1061 1042 et
1076 977 1208 1064 diligens
1224 981 1257 1046 in

167 1085 359 1166 elocutione,
384 1089 545 1154 meximem
566 1087 655 1170 χάριν
678 1095 875 1152 consecutum
899 1087 1005 1153 videri.
1029 1087 1165 1174 Simplex
1181 1090 1256 1156 edco

167 1203 252 1275 eret,
269 1207 312 1262 ut
336 1200 488 1286 quendem
513 1200 644 1266 colorem
668 1199 830 1266 vetustatis
853 1221 925 1285 pree
949 1222 981 1264 se
1005 1198 1106 1266 ferret.
1142 1201 1257 1268 Verum

166 1309 201 1372 in
234 1309 432 1376 describenda
462 1320 563 1376 mente
587 1311 715 1396 Dionysi
740 1309 822 1376 idem
850 1311 928 1375 mihi
962 1310 1074 1376 eccidit
1097 1311 1194 1391 illud,
1220 1314 1258 1378 de

167 1441 233 1505 quo
256 1422 410 1506 queritur,
439 1433 475 1487 ut
504 1422 628 1488 difficile
651 1423 781 1488 sentiem
805 1444 887 1500 esse,
913 1422 993 1508 eptis
1016 1423 1050 1488 in
1074 1445 1109 1488 ee
1131 1425 1258 1490 metcrie
1385 1429 1386 1434 ’

167 1532 269 1596 verbis
285 1533 343 1597 nti.
375 1531 507 1598 Tantum
524 1533 729 1619 intellegitur,
746 1535 913 1620 significari
928 1534 1013 1600 illam
1029 1535 1175 1600 virtutem
1191 1536 1256 1601 sine

168 1667 231 1731 que
253 1646 415 1710 tenuitatis
436 1645 523 1710 nulle
545 1647 612 1712 leus
637 1648 685 1712 sit.
724 1647 814 1712 Unde
837 1646 963 1732 Lysiam
986 1647 1079 1711 simul
1104 1647 1256 1732 specimen

167 1756 464 1842 preestentissimnm
485 1767 538 1834 τῆς
561 1767 644 1834 λιτῆς
667 1759 715 1824 aar
739 1760 870 1840 ἀφελοῦς
894 1757 999 1836 λέξεως
1020 1780 1188 1844 proponere
1204 1780 1256 1844 po·

166 1866 232 1932 tuit
258 1874 289 1932 et
320 1890 356 1932 ee
387 1869 475 1954 queri
502 1876 576 1934 nole
599 1869 687 1934 illum
711 1869 881 1936 describere
906 1868 956 1953 (de
980 1869 1067 1933 Dem.
1094 1872 1139 1952 2),
1163 1869 1257 1934 simul

167 1979 201 2044 τὸ
224 1983 566 2061 χαρασσηριστιιιώτατοι
587 1991 639 2058 τῆς
663 1982 809 2060 δυνάμεως
832 1983 922 2046 αὐτοῦ
946 1979 1045 2044 dicere
1068 1982 1119 2055 τὴν
1134 1986 1256 2058 morach·

168 2090 228 2156 σάν
249 2117 283 2156 τε
307 2092 356 2158 καὶ
381 2093 548 2176 bullionem
570 2096 622 2170 ries
644 2093 722 2172 λέξιν
746 2096 836 2160 αὐτοῦ
859 2091 966 2174 χάριν
990 2091 1209 2177 (deLys.18).

213 2201 368 2268 Venustes
398 2202 451 2269 ille
482 2221 573 2289 quern
598 2204 764 2290 Dionysius
786 2204 938 2289 significet
961 2202 1161 2288 proficiscitur
1185 2217 1254 2268 oum

166 2335 203 2378 ex
235 2321 309 2398 epto
334 2315 556 2400 ¹vocabulorum
585 2314 720 2392 delectu,
752 2321 828 2378 tem·
850 2335 886 2381 err
913 2313 1066 2392 aciem,
1092 2320 1154 2398 que
1176 2312 1254 2378 nihil

165 2425 356 2509 superfluunt
380 2425 420 2490 sit
442 2433 496 2489 ent
518 2425 686 2503 redundet,
710 2433 741 2490 et
758 2431 861 2490 temen
880 2425 970 2510 plene
986 2405 1173 2510 suprimabnr
1188 2445 1254 2488 sen·

165 2537 283 2615 lentie,
306 2551 343 2604 ut
365 2538 463 2603 facilis
486 2538 724 2617 eibintellectu,
748 2545 779 2604 ct
801 2535 879 2602 nihil
901 2536 1023 2615 deesse,
1047 2535 1126 2600 nihil
1141 2535 1252 2600 inutile

165 2654 232 2717 esse
261 2650 390 2715 rentiam
420 2651 573 2716 eudilores
602 2651 775 2718 lectoresve.
822 2648 1006 2715 Brevitatern
1037 2649 1103 2716 eius
1125 2669 1254 2714 comme-

166 2769 265 2824 moret
288 2762 387 2846 sepite
411 2766 448 2840 5,
472 2762 527 2827 ubi
549 2761 680 2828 attendit
702 2760 890 2847 potissimum
917 2759 956 2825 ed
978 2783 1074 2826 οοσιιιιι
1093 2759 1252 2828 inutilium

166 2871 382 2949 omissionem,
411 2895 482 2936 cum
505 2895 565 2958 que
588 2891 665 2938 nexa
688 2881 734 2936 est
756 2875 849 2956 tuem
872 2870 1010 2956 proximo
1034 2873 1077 2956 (6)
1100 2871 1251 2950 celebret,
1358 2939 1359 2942 ,

166 2983 349 3047 eldcuticnie
372 2982 504 3048 breviles
520 2984 678 3048 concinna.
714 2983 756 3048 nc
777 2983 810 3048 iu
833 2981 933 3068 priore
956 2981 1081 3067 quidem
1096 2981 1251 3068 capitem

166 3092 268 3158 vernis
276 3094 493 3175 συνέστραπται
505 3096 533 3158 δ’
540 3094 567 3159 ἐἴ
575 3119 619 3166 τις
631 3096 682 3160 καὶ
693 3091 784 3166 ἄλλοι
796 3093 848 3159 ecel
859 3092 1046 3158 πεπύκνωται
1057 3100 1117 3164 τοῖς
1129 3099 1251 3170 νοήμασι

166 3204 227 3268 ir'enr¹
246 3204 401 3289 praeludit
416 3205 462 3270 illi
482 3205 677 3291 prophetali,
697 3226 789 3290 quem
800 3205 939 3290 proximo
952 3205 999 3288 (6)
1010 3202 1188 3288 diligentius
1202 3203 1252 3269 de-

167 3315 288 3395 scribit3
312 3323 384 3382 hem
407 3329 442 3381 ee
464 3317 555 3381 serbe
578 3317 615 3380 de
637 3328 738 3381 rerum
761 3315 920 3382 inutilium
937 3314 1118 3392 omissione,
1135 3314 1251 3400 deque

166 3428 259 3513 penlo
281 3436 352 3514 post
374 3429 492 3514 egitur,
516 3450 576 3493 non
602 3428 698 3514 accipi
720 3435 858 3513 possunt.
905 3426 1010 3494 Brevis
1034 3433 1080 3492 est
1094 3424 1202 3510 Lysiee
1217 3426 1248 3490 in

166 3541 274 3618 rebus,
305 3540 388 3624 qnod
419 3539 657 3626 digressionibus
686 3561 747 3603 non
778 3537 1249 3616 utitn13non,uthocuter,

167 3673 243 3735 ques
268 3651 309 3714 sit
331 3650 521 3716 consuetudo
541 3650 688 3728 civitatis,
706 3672 768 3735 que
782 3671 814 3714 re
829 3649 957 3714 maiores
974 3647 1152 3732 aequalibus
1168 3665 1253 3732 pree·

169 3763 322 3840 ebiberint,
352 3761 427 3846 quid
455 3768 562 3847 poetae
591 3769 752 3840 moneent,
783 3759 910 3839 similia,
935 3783 1013 3845 qnee
1036 3759 1118 3844 epud
1141 3759 1251 3824 Demo·

166 3874 306 3939 ebbonem
329 3882 360 3937 et
382 3871 458 3938 elios
479 3872 695 3951 inveniuntur,
720 3872 841 3957 copiose
863 3871 955 3938 refert
962 3878 1056 3949 ;-tum
1068 3879 1248 3957 argumenta

166 3984 300 4050 breuiter
327 3983 487 4070 proponit,
519 3983 722 4049 adversarium
753 3983 859 4068 paucis
881 3983 1011 4060 refutet3
1035 4005 1097 4048 non
1121 3983 1250 4048 occasio-

167 4117 237 4161 nem
259 4101 363 4180 ceptet
385 4115 457 4159 suec
479 4095 605 4179 peritiae
627 4093 836 4158 ostentandae.
861 4093 947 4158 Idem
963 4101 1082 4172 temen,
1100 4094 1125 4157 si
1141 4115 1249 4158 ceusec

169 4205 335 4284 conducat,
367 4205 446 4271 nihil
473 4206 560 4290 pensi
591 4205 699 4284 hebet,
731 4203 857 4270 cendem
884 4205 1066 4270 sententiam
1088 4205 1120 4270 in
1144 4203 1248 4270 eedem

169 4319 304 4382 cretione
326 4327 470 4403 repetere.
500 4317 547 4384 cf.
572 4317 609 4382 ed
633 4341 676 4382 or.
698 4321 739 4382 25
758 4317 814 4382 sub
831 4317 851 4382 f.
883 4315 943 4382 Sed
959 4317 1083 4382 omnino
1099 4317 1143 4380 sic
1157 4314 1247 4393 dicit,

171 4437 206 4494 ut
227 4430 282 4515 qui
304 4437 438 4498 sceneos
460 4436 491 4495 et
513 4429 627 4496 dociles
646 4429 761 4495 iudices
777 4434 946 4516 exspectet,
963 4427 1076 4514 quibus
1091 4450 1154 4493 non
1168 4426 1248 4492 feces
