3128 5208
846 478 887 540 28

324 677 451 743 iunctivi
473 677 505 741 in
528 677 592 741 his:
617 678 665 741 nal
690 674 764 748 ὅπως
788 677 841 755 μὲι
863 679 905 755 μὴ
929 679 1057 760 ιέιιοθιὶιῃ
1076 677 1243 756 ἠντεβόλει,
1261 689 1323 761 q'uo
1337 676 1412 740 loeo

325 789 503 875 simpliciter
532 812 580 852 res
603 789 682 854 facta
705 797 957 854 commemoratur
980 798 1010 854 et
1033 789 1207 854 summatim
1231 789 1413 853 referuntur

324 925 402 988 quae
426 907 514 966 antea
538 903 564 986 lp
588 904 641 987 25)
665 902 763 966 fusius
787 901 938 987 descripta
962 910 1065 979 erant3
1090 902 1186 967 scribe
1208 901 1353 966 crotera.

368 1016 385 1098 p
408 1015 460 1076 32.
508 1012 681 1077 Secundum
713 1013 993 1098 interpretationem
1021 1015 1123 1099 legum
1146 1037 1164 1078 a
1185 1012 1278 1098 Lysia
1300 1033 1414 1097 propo-

324 1124 414 1188 sitam
442 1123 558 1189 minore
589 1146 686 1208 poena
704 1122 903 1190 'afficiebatur
931 1125 984 1208 qui
1014 1125 1151 1209 pervim
1173 1133 1301 1209 nuptam
1325 1122 1415 1187 femi-

323 1257 394 1300 nam
426 1242 632 1320 stupraverat,
665 1257 757 1320 quam
788 1235 841 1320 qni
865 1235 1060 1320 persuasione
1084 1235 1120 1299 ad
1145 1234 1267 1300 illicitos
1292 1256 1415 1297 amores

244 1359 246 1362 ’
323 1346 401 1410 viam
433 1346 639 1430 quaesiverat;
672 1345 745 1409 huic
775 1368 873 1423 mors,
904 1346 950 1410 illi
981 1345 1096 1410 mulcta
1123 1368 1221 1431 poena
1250 1352 1330 1423 erat3
1355 1345 1417 1428 qui

324 1457 420 1542 igitur
443 1457 572 1521 alicuius
595 1455 777 1522 libidinos'ae
800 1458 936 1521 mulieris
960 1458 1117 1523 lenociniis
1142 1480 1173 1521 se
1192 1457 1310 1521 facilem
1327 1479 1416 1541 prae·

324 1569 448 1646 buerat,
480 1568 603 1652 gratim
627 1567 791 1652 deliquisse
815 1569 991 1646 videbatur,
1016 1591 1109 1654 quam
1132 1570 1185 1654 qui
1209 1568 1321 1655 probae
1344 1591 1416 1632 mu·

324 1680 390 1744 lieri
415 1681 476 1744 vim
499 1681 673 1744 intentarat.
710 1680 778 1745 Hoc
801 1682 844 1745 ita
868 1681 906 1746 ab
923 1681 1076 1766 aequitate
1091 1679 1221 1758 recedit,
1238 1688 1274 1743 ut
1289 1679 1414 1744 credam

307 1798 473 1885 ¹oratorem
497 1813 610 1855 errasse
635 1799 688 1855 ant
711 1793 814 1877 potius
839 1792 987 1857 malitiose
1010 1793 1059 1856 ins
1082 1793 1316 1877 interpretatum
1333 1813 1413 1854 esse.

325 1899 443 1988 Nempe
466 1911 502 1966 ut
525 1909 635 1988 augeat
659 1911 689 1968 et
712 1903 853 1968 intendat
876 1905 989 1970 crimen
1005 1904 1232 1981 Eratosthenis,
1250 1901 1414 1966 ostendere

325 2019 469 2091 conatur,
493 2013 551 2077 hoc
575 2014 694 2099 legibus
726 2016 817 2079 etiam
848 2016 969 2101 gravius
994 2037 1085 2101 quam
1109 2022 1249 2100 stuprum
1272 2015 1414 2100 pervim

324 2125 518 2189 commissum
540 2125 680 2191 iudicari.
713 2125 772 2191 Res
797 2149 864 2191 vero
889 2127 931 2191 sic
955 2151 986 2192 se
1010 2126 1150 2192 habebat.
1184 2125 1294 2189 Mortis
1312 2147 1415 2210 poena

324 2259 387 2301 non
414 2235 536 2321 publice
567 2238 736 2301 constituta
765 2245 827 2302 erat
857 2239 923 2323 lege
946 2239 1108 2303 Dracontis
1132 2241 1183 2324 (τῷ
1206 2237 1281 2316 νόμῳ
1304 2237 1336 2300 ἐκ
1358 2244 1414 2311 τῆς

324 2348 434 2422 στήλης
457 2355 509 2422 τῆς
533 2345 566 2423 ἐξ
587 2349 694 2428 Ἀρείου
718 2349 817 2427 aaron
840 2352 857 2435 p
880 2352 951 2436 30),
976 2351 1008 2415 id
1030 2360 1152 2416 tantum
1176 2350 1354 2426 cavebatur,
1372 2372 1414 2413 ne

325 2459 351 2522 si
382 2459 510 2522 maritus
542 2458 716 2524 adulterum
745 2461 963 2540 interfecisset,
996 2462 1069 2527 haec
1100 2461 1206 2526 caedes
1229 2461 1276 2525 illi
1299 2460 1413 2524 damno

325 2577 413 2634 esset.
463 2569 543 2634 Huic
567 2569 627 2656 legi
649 2571 728 2636 nihil
752 2571 956 2656 obrogabatur
976 2574 1070 2637 altera
1086 2572 1157 2651 illa,
1174 2595 1251 2657 quae
1268 2579 1332 2636 erat
1348 2569 1414 2652 περὶ

325 2681 414 2759 Elec,
438 2703 547 2766 nempe
571 2682 596 2745 si
620 2684 688 2766 quis
712 2683 868 2761 adultero,
894 2685 947 2768 qui
963 2685 1023 2749 vim
1040 2684 1246 2762 adhibuisset,
1265 2682 1414 2770 pepercis-

327 2799 390 2870 set,
415 2783 545 2856 dabatur
568 2792 614 2856 illi
639 2794 717 2858 actio
741 2794 778 2858 de
794 2795 825 2858 vi
839 2796 872 2858 in
888 2795 1026 2880 duplum.
1059 2794 1118 2859 Sed
1135 2802 1253 2872 orator,
1271 2815 1332 2878 quo
1348 2799 1414 2856 tnr-

328 2902 397 2987 pius
420 2901 631 2968 Eratosthenis
648 2905 762 2970 factum
779 2905 934 2985 videatur,
951 2907 1017 2978 τοὺς
1034 2907 1155 2988 auxula
1174 2914 1204 2970 et
1221 2906 1286 2976 τοὺς
1303 2905 1415 2983 βιιισιι-

328 3013 427 3093 μένους
450 3014 495 3078 ita
517 3014 697 3099 distinguit,
715 3025 750 3081 ut
766 3016 899 3081 diversas
916 3019 1055 3103 utrisque
1070 3019 1151 3103 leges
1169 3019 1297 3103 scriptas
1313 3015 1410 3094 dicat,

328 3147 388 3210 qno
411 3125 519 3204 fiebat,
544 3134 581 3190 nt
603 3127 629 3190 si
653 3128 720 3213 quis
744 3137 901 3194 excusaret
923 3129 1156 3195 Eratosthenem
1179 3129 1263 3213 quod
1287 3129 1316 3192 vi
1336 3149 1412 3211 usus

328 3259 389 3300 non
413 3245 509 3314 esset,
533 3238 615 3323 leges
639 3250 823 3325 opponeret,
848 3242 1015 3306 secundum
1032 3264 1108 3326 quas
1124 3249 1247 3326 propter
1263 3239 1294 3304 id
1310 3240 1412 3325 ipsum

328 3349 441 3413 maiore
472 3371 569 3434 poena
599 3349 709 3435 dignus
741 3351 904 3417 videretur.
928 3391 972 3402 -
999 3352 1101 3417 Verba
1132 3354 1181 3432 ἐφ’
1212 3347 1316 3431 ιιῖσιιερ
1339 3351 1411 3415 dro-

329 3460 445 3524 κτείνειν
462 3459 571 3536 ἔξεστιι
587 3483 622 3524 ex
639 3461 706 3546 lege
721 3463 783 3541 περὶ
799 3463 870 3540 βίοις
887 3464 982 3548 petita
998 3487 1060 3528 esse
1077 3486 1137 3527 non
1154 3469 1300 3549 possunt;
1313 3479 1412 3546 neque

329 3578 431 3636 tamen
444 3571 519 3634 -sine
542 3572 734 3636 incommodo
758 3573 868 3651 deleri;
892 3575 930 3639 iis
954 3555 1036 3639 enim
1059 3575 1177 3639 omissis
1202 3572 1411 3657 (ductamin-

329 3682 407 3761 tarr,
438 3677 480 3747 ἔτι
504 3683 630 3764 κελεύει,
655 3682 705 3748 εἰέν
727 3709 772 3766 τις
796 3683 937 3766 ἄνθρωποι
961 3687 1100 3767 ἐλεύθεροι
1124 3687 1140 3762 ἢ
1164 3687 1263 3750 παῖδα
1286 3686 1413 3766 ιιίσχύιῃ

329 3793 402 3876 βίᾳ,
426 3793 529 3867 διπλῆν
551 3794 603 3868 τὴν
625 3795 748 3872 βλαβὲν
768 3795 911 3880 ὀφείλειν,
936 3799 986 3862 ε’ἓιι
1009 3798 1038 3862 δὲ
1059 3805 1202 3880 acrama,
1228 3799 1256 3862 εἰι
1278 3799 1340 3868 τοῖς
1362 3799 1412 3861 ab·

329 3911 388 3975 τοῖς
411 3900 573 3989 ἐνέχεσθαι)
597 3927 659 3969 non
683 3906 756 3970 satis
780 3929 887 3971 causae
911 3916 973 3986 est,
997 3932 1051 3973 eur
1074 3910 1203 3973 feminae
1222 3908 1347 3992 reliquis
1365 3930 1412 3971 er-

329 4015 484 4100 cipiantur
491 4040 500 4093 ;
532 4016 644 4079 etenim
675 4017 700 4080 si
726 4025 856 4096 γυναῖκα
878 4020 961 4083 omni
984 4029 1099 4086 careret
1122 3991 1287 4097 attributo,
1304 4018 1411 4083 melius

329 4125 508 4210 iungeretur
527 4148 596 4190 cum
613 4128 821 4212 superioribus
837 4129 894 4193 hoc
914 4129 1022 4194 modo:
1043 4131 1092 4196 :bb
1112 4156 1156 4203 τις
1176 4130 1316 4210 atalpero
1335 4130 1412 4194 r’asr'r

330 4237 403 4314 θερον
433 4235 449 4309 ἢ
483 4237 565 4302 παῖδ’
595 4237 751 4315 ἣγυιιιῖκ’
778 4241 864 4320 alez.
887 4240 922 4319 β.
945 4241 969 4306 δ.
994 4265 1022 4308 r.
1046 4242 1100 4320 βλ.
1124 4245 1174 4323 dc).
1221 4240 1328 4304 Potius
1359 4239 1412 4304 illa

331 4347 380 4430 ἐφ’
404 4344 508 4428 ιιῖσιιερ
530 4351 637 4414 dacer.
657 4348 766 4424 ἔξεστιν
784 4349 821 4415 de
845 4373 900 4416 suo
924 4351 1041 4416 addidit
1057 4360 1159 4416 orator
1176 4360 1207 4416 ct
1222 4351 1279 4414 hoc
1296 4351 1409 4415 voluit:

332 4461 358 4525 si
381 4461 450 4546 quis
472 4459 600 4526 feminas
623 4483 690 4540 cas,
715 4485 785 4526 cum
809 4462 920 4547 quibus
946 4463 979 4526 in
1000 4463 1150 4528 adulterio
1173 4463 1353 4548 deprehensi
1368 4487 1411 4528 ec-
