3074 5210
634 485 693 546 113

164 688 184 771 ᾧ
211 688 260 750 48.
301 687 324 749 οἱ
354 684 509 765 anisardi,
542 683 619 764 παρ’
649 678 698 754 οἷς
729 681 943 764 κοιτέλιτεν,
972 679 1206 760 όμολογονμένως

114 797 245 871 πένητες
264 797 323 864 οἱοί.
356 795 531 881 Cleophon,
558 794 610 879 qui
634 794 691 859 sub
707 794 834 880 triginta
848 795 929 858 viros
940 793 1097 858 institutos
1114 794 1205 858 inter·

80 943 84 952 ·
114 907 224 971 fectus
248 915 289 972 est
315 911 380 992 (13.
407 910 436 984 7,
461 929 547 991 sqq,
572 909 623 970 30.
652 908 721 991 10),
746 905 823 970 nihil
845 905 970 990 reliquit
978 931 987 982 ;
1010 929 1080 970 nam
1104 906 1130 969 si
1153 928 1207 990 pu-

115 1019 277 1083 blicationi
299 1019 467 1095 bonorum,
492 1018 567 1082 dum
590 1017 623 1080 in
645 1016 721 1080 vivis
745 1023 825 1094 erat,
843 1015 960 1100 aliquid
977 1016 1207 1094 substraxisset,

117 1128 362 1194 abscondidisset
386 1150 457 1193 sane
481 1127 563 1214 apud
587 1126 706 1205 affines3
726 1127 784 1192 ¹sod
810 1127 841 1192 hi
858 1149 1004 1214 paupere·
1022 1137 1103 1193 sunt.
1133 1127 1210 1192 Scri·

115 1241 256 1306 bendum
279 1239 347 1321 nap'
371 1236 410 1312 οἷς
434 1241 591 1304 κοιτὲλιτεν
615 1236 669 1315 ἄν,
694 1239 775 1324 apud
792 1261 869 1324 quos
885 1240 1073 1326 reliquisset,
1092 1241 1116 1304 si
1133 1241 1208 1325 quid

116 1353 302 1418 abscondere
326 1352 486 1437 potuisset.

170 1467 258 1550 doli.
304 1461 415 1539 quod
446 1463 474 1526 ἕν
503 1471 540 1541 τῇ
571 1461 727 1543 ἐκκλησίᾳ,
758 1463 795 1532 ὥς
826 1462 960 1537 Διότιμος
984 1462 1046 1542 ἔχοι
1070 1461 1208 1526 τόλοοντοι

119 1573 336 1655 τεττοιροόιιοντοο
359 1573 450 1636 τλείω
475 1573 492 1647 ἢ
515 1570 570 1636 door
593 1572 681 1643 ωὐτὸς
704 1572 847 1649 ὡμολόγει
869 1574 951 1652 nard
974 1580 1029 1638 τῶν
1046 1575 1209 1664 νοιοκλιήρων

122 1686 175 1750 aa}
195 1686 330 1767 ἐμπόρων.
372 1683 608 1748 Rauchenstein.
634 1681 763 1768 explicat
778 1685 949 1750 Diutimum
965 1686 1114 1770 accepisse
1130 1709 1209 1750 sum-

123 1819 202 1859 mam
224 1798 368 1880 pecuniae
392 1794 595 1878 quadraginta
618 1794 743 1859 talentis
766 1797 910 1860 maiorem
934 1819 1025 1880 quam
1048 1798 1113 1882 ipse
1137 1797 1209 1862 fate·

126 1917 215 1971 retur.
260 1907 318 1972 Sed
343 1908 401 1970 hoc
425 1907 468 1970 sic
491 1929 596 1992 graece
619 1928 681 1969 non
705 1906 818 1970 dicitur
838 1907 890 1972 scd
906 1908 1079 1990 τοολοόντοις,
1097 1909 1134 1973 cf.
1153 1912 1204 1976 30.

129 2022 168 2105 20
184 2027 212 2082 et
228 2022 279 2083 21.
314 2018 425 2103 Itaque
447 2018 612 2102 legendum
634 2017 771 2082 videtur:
799 2019 955 2092 τωλοὶντοις
972 2002 1207 2101 τεττοιρόιιοντοο,

130 2131 213 2194 πλείω
240 2127 308 2195 drea
332 2131 420 2201 ωὐτὸς
444 2128 605 2205 ὡμολόγει,
638 2129 720 2209 τοιοόο
742 2135 797 2193 τῶν
825 2132 987 2210 ναυκλήρων
1007 2137 1056 2196 aui
1079 2133 1209 2212 ἐμπόρων

128 2241 155 2322 (ἥ
171 2241 282 2304 omittit
294 2241 413 2324 Pelet).
446 2240 583 2303 Dictimo
604 2242 749 2325 (stratego
770 2263 796 2304 a.
815 2243 897 2320 388,
911 2243 949 2307 cf.
962 2241 1208 2328 Ranchenstein.)

129 2353 239 2417 crimini
270 2353 400 2416 dabatur
430 2352 511 2438 quod
540 2375 575 2416 ex
599 2353 728 2438 pecunia
751 2376 768 2416 a
792 2355 1008 2420 mercatoribus
1032 2363 1062 2421 et
1086 2357 1208 2421 navium

130 2466 272 2549 magistris
296 2466 325 2529 ci
348 2465 448 2528 soluta
471 2487 524 2550 pro
548 2467 695 2529 comitatu
720 2475 750 2529 et
773 2465 948 2530 defensione
968 2469 1091 2532 navium
1110 2479 1209 2533 vecto-

130 2575 251 2656 riarum,
277 2598 354 2660 quae
379 2598 431 2660 per
454 2575 691 2661 Hellespontum
715 2576 917 2660 navigabant,
941 2601 1003 2642 non
1020 2581 1120 2643 minus
1137 2603 1209 2664 qua-

130 2687 261 2774 draginta
280 2689 397 2753 talenta
416 2690 475 2753 sibi
489 2695 697 2752 reservaturus
713 2712 774 2753 non
791 2691 892 2753 omnia
904 2713 939 2754 ex
952 2713 1022 2754 vero
1034 2692 1207 2756 indicasset.

130 2797 224 2865 Simile
249 2801 324 2884 quid
348 2801 501 2864 obiectum
524 2796 583 2864 fuit
606 2799 783 2864 Erasinidae
791 2827 801 2878 3
826 2801 863 2864 cf.
888 2800 1205 2868 Xen.Hell.1.·7.u.

128 2914 177 2977 Kal
207 2920 309 2978 τοῦτον
338 2913 427 2977 initio
444 2901 449 2910 ’
464 2913 619 2996 sequentis
652 2913 819 2976 sententiae
851 2914 910 2994 (aul
934 2920 1034 2978 τοῦτον
1056 2954 1101 2962 -
1119 2917 1206 2990 οὐδεὶς

127 3023 274 3108 ἐξήλεγξε)
305 3025 472 3088 necessario
504 3023 693 3088 referendum
727 3031 805 3086 esset
835 3023 873 3086 ad
897 3024 1130 3090 Atheniensium
1155 3028 1208 3091 fal-

127 3159 183 3200 sam
219 3136 410 3222 opinionem,
445 3136 479 3225 in
514 3135 720 3220 superioribus
756 3143 1034 3212 commemoratam,
1074 3139 1155 3222 quod
1191 3163 1209 3202 a

127 3249 318 3332 sequentibus
345 3249 435 3333 plane
463 3247 621 3324 abhorret,
646 3247 758 3330 quibus
782 3270 864 3310 error
886 3247 938 3310 illc
962 3248 1086 3311 omnino
1110 3247 1209 3313 subla·

126 3365 171 3421 tus
194 3379 257 3424 csse
281 3359 478 3442 significatur.
525 3357 584 3421 Pro
608 3358 656 3421 κοι1
685 3363 784 3422 τοῦτον
807 3359 927 3441 requiro
951 3360 1031 3434 μετὰ
1055 3366 1153 3424 τοῦτον
1174 3361 1206 3442 δ’,

122 3476 220 3551 poclm
235 3492 318 3534 nemo
330 3473 414 3534 ιῖόιιοοο
425 3472 590 3552 redarguit.
615 3467 756 3553 Denique
771 3469 804 3531 iu
821 3468 882 3531 illis
899 3471 1054 3543 Ἀόννοιόων
1070 3469 1208 3535 οὶτοόντων

77 3651 81 3661 Δ
126 3580 281 3655 ἀκηκοότων
305 3580 346 3644 ότι
370 3579 588 3658 τεττοιροόκοντοι
608 3579 747 3643 τόλοιντοι
767 3579 829 3658 ἔχοι
851 3572 987 3657 Διότιμος
1006 3619 1050 3628 -
1067 3580 1147 3660 ἔχειν
1163 3590 1209 3646 cst

125 3689 212 3772 ἑωυτῷ
232 3691 321 3772 ἔχειν,
343 3689 410 3752 aliis
428 3695 566 3773 surrepta
585 3688 756 3773 possidere,
779 3690 816 3753 cf.
839 3692 890 3752 28.
914 3692 951 3754 5:
968 3690 1024 3763 τοὶς
1036 3698 1106 3763 νοῦς
1118 3691 1207 3772 ἔχειν.

165 3805 182 3888 q
206 3805 257 3865 62.
304 3800 405 3886 Lego:
429 3799 502 3866 ἱόοτε
525 3804 564 3881 τῷ
588 3805 619 3879 γ’
642 3801 715 3882 ἔργον
738 3807 800 3874 τῆς
824 3801 958 3872 πόλεως
981 3802 1084 3867 τοῦτ’
1107 3802 1208 3867 torae

124 3936 174 3997 pro
198 3913 294 3978 τόλοιι
318 3912 396 3979 τοῦτ’
419 3912 506 3978 ἔστιν.
554 3911 643 3976 Nihil
666 3919 821 3997 practerea
844 3911 1043 3998 desideratur.

471 4151 522 4193 XX.
551 4157 621 4195 rna?
642 4157 786 4196 ΠΟΛΤΣΤΡΑ
791 4159 851 4194 Tor.

164 4355 305 4420 Dobrcus
327 4355 406 4419 banc
429 4355 596 4418 orationem
619 4376 702 4432 „non
727 4353 998 4418 contemnendam”
1022 4353 1116 4429 dixit,
1138 4373 1206 4414 ean-

123 4465 188 4530 dem
215 4489 284 4530 vero
308 4469 352 4550 (p.
369 4467 442 4550 192)
462 4487 585 4543 „crasso
609 4464 681 4528 filo”
708 4466 860 4549 scriptam.
909 4463 1060 4548 Equidem
1080 4486 1146 4527 eam
1165 4463 1208 4527 ita
