<?xml version="1.0" encoding="UTF-8"?>
<!DOCTYPE html PUBLIC "-//W3C//DTD XHTML 1.0 Transitional//EN"
    "http://www.w3.org/TR/xhtml1/DTD/xhtml1-transitional.dtd">
<html xmlns="http://www.w3.org/1999/xhtml" xml:lang="en" lang="en">
 <head>
  <title>
</title>
<meta http-equiv="Content-Type" content="text/html;charset=utf-8" />
  <meta name='ocr-system' content='tesseract 3.04.00' />
  <meta name='ocr-capabilities' content='ocr_page ocr_carea ocr_par ocr_line ocrx_word'/>
</head>
<body>
  <div class='ocr_page' id='page_1' title='image "./commentationesl02frangoog_0243.png"; bbox 0 0 3126 5210; ppageno 0'>
   <div class='ocr_carea' id='block_1_1' title="bbox 809 407 872 467">
    <p class='ocr_par' dir='ltr' id='par_1_1' title="bbox 809 407 872 467">
     <span class='ocr_line' id='line_1_1' title="bbox 809 407 872 467; baseline 0.016 -1"><span class='ocrx_word' id='word_1_1' title='bbox 809 407 872 467; x_wconf 73' lang='lat'>228</span> 
     </span>
    </p>
   </div>
   <div class='ocr_carea' id='block_1_2' title="bbox 219 599 1392 4471">
    <p class='ocr_par' dir='ltr' id='par_1_2' title="bbox 286 599 1392 1248">
     <span class='ocr_line' id='line_1_2' title="bbox 292 599 1392 695; baseline 0.015 -32"><span class='ocrx_word' id='word_1_2' title='bbox 292 599 373 664; x_wconf 89' lang='lat' dir='ltr'>niem</span> <span class='ocrx_word' id='word_1_3' title='bbox 398 603 494 681; x_wconf 91' lang='lat' dir='ltr'>enim,</span> <span class='ocrx_word' id='word_1_4' title='bbox 520 626 613 688; x_wconf 89' lang='lat' dir='ltr'>quam</span> <span class='ocrx_word' id='word_1_5' title='bbox 636 604 781 689; x_wconf 80' lang='lat' dir='ltr'>Ergocles</span> <span class='ocrx_word' id='word_1_6' title='bbox 805 607 978 672; x_wconf 87' lang='lat' dir='ltr'>oratoribus</span> <span class='ocrx_word' id='word_1_7' title='bbox 1004 610 1208 695; x_wconf 80' lang='lat' dir='ltr'><strong>nequicquam</strong></span> <span class='ocrx_word' id='word_1_8' title='bbox 1225 614 1392 680; x_wconf 89' lang='lat' dir='ltr'>distribue·</span> 
     </span>
     <span class='ocr_line' id='line_1_3' title="bbox 289 717 1391 800; baseline 0.014 -24"><span class='ocrx_word' id='word_1_9' title='bbox 289 724 354 791; x_wconf 88' lang='lat' dir='ltr'>rat,</span> <span class='ocrx_word' id='word_1_10' title='bbox 380 723 415 777; x_wconf 90' lang='lat' dir='ltr'>ut</span> <span class='ocrx_word' id='word_1_11' title='bbox 439 738 470 780; x_wconf 89' lang='lat' dir='ltr'>se</span> <span class='ocrx_word' id='word_1_12' title='bbox 495 718 602 800; x_wconf 88' lang='lat' dir='ltr'>capitis</span> <span class='ocrx_word' id='word_1_13' title='bbox 626 717 761 800; x_wconf 89' lang='lat' dir='ltr'>periculo</span> <span class='ocrx_word' id='word_1_14' title='bbox 786 719 969 797; x_wconf 74' lang='lat' dir='ltr'>eximerent,</span> <span class='ocrx_word' id='word_1_15' title='bbox 996 720 1184 787; x_wconf 77' lang='lat' dir='ltr'>Philocrates</span> <span class='ocrx_word' id='word_1_16' title='bbox 1205 725 1242 789; x_wconf 93' lang='lat' dir='ltr'>ab</span> <span class='ocrx_word' id='word_1_17' title='bbox 1259 727 1326 790; x_wconf 88' lang='lat' dir='ltr'>istis</span> <span class='ocrx_word' id='word_1_18' title='bbox 1344 751 1391 791; x_wconf 90' lang='lat' dir='ltr'>re·</span> 
     </span>
     <span class='ocr_line' id='line_1_4' title="bbox 289 826 1385 914; baseline 0.012 -27"><span class='ocrx_word' id='word_1_19' title='bbox 289 826 438 909; x_wconf 82' lang='lat' dir='ltr'>petiverat</span> <span class='ocrx_word' id='word_1_20' title='bbox 445 853 454 904; x_wconf 79' lang='lat'>3</span> <span class='ocrx_word' id='word_1_21' title='bbox 487 849 522 890; x_wconf 86' lang='lat' dir='ltr'>ea</span> <span class='ocrx_word' id='word_1_22' title='bbox 553 849 598 890; x_wconf 89' lang='lat' dir='ltr'>res</span> <span class='ocrx_word' id='word_1_23' title='bbox 630 828 813 892; x_wconf 72' lang='lat' dir='ltr'>testimoniis</span> <span class='ocrx_word' id='word_1_24' title='bbox 837 829 959 913; x_wconf 85' lang='lat' dir='ltr'>probari</span> <span class='ocrx_word' id='word_1_25' title='bbox 983 840 1120 914; x_wconf 89' lang='lat' dir='ltr'>poterat,</span> <span class='ocrx_word' id='word_1_26' title='bbox 1146 835 1171 896; x_wconf 90' lang='lat' dir='ltr'>si</span> <span class='ocrx_word' id='word_1_27' title='bbox 1195 835 1286 898; x_wconf 90' lang='lat' dir='ltr'>modo</span> <span class='ocrx_word' id='word_1_28' title='bbox 1313 860 1385 900; x_wconf 85' lang='lat' dir='ltr'>vera</span> 
     </span>
     <span class='ocr_line' id='line_1_5' title="bbox 289 938 1386 1026; baseline 0.013 -29"><span class='ocrx_word' id='word_1_29' title='bbox 289 944 383 1018; x_wconf 86' lang='lat' dir='ltr'>esset,</span> <span class='ocrx_word' id='word_1_30' title='bbox 402 938 455 1000; x_wconf 90' lang='lat' dir='ltr'>sed</span> <span class='ocrx_word' id='word_1_31' title='bbox 479 940 572 1003; x_wconf 87' lang='lat' dir='ltr'>nain</span> <span class='ocrx_word' id='word_1_32' title='bbox 597 939 653 1002; x_wconf 91' lang='lat' dir='ltr'>hac</span> <span class='ocrx_word' id='word_1_33' title='bbox 677 939 800 1023; x_wconf 90' lang='lat' dir='ltr'>quidem</span> <span class='ocrx_word' id='word_1_34' title='bbox 824 963 856 1003; x_wconf 90' lang='lat' dir='ltr'>re</span> <span class='ocrx_word' id='word_1_35' title='bbox 881 941 1032 1006; x_wconf 83' lang='lat' dir='ltr'>satisfacit</span> <span class='ocrx_word' id='word_1_36' title='bbox 1055 946 1244 1010; x_wconf 83' lang='lat' dir='ltr'>accusationi</span> <span class='ocrx_word' id='word_1_37' title='bbox 1261 956 1365 1010; x_wconf 85' lang='lat' dir='ltr'>orator</span> <span class='ocrx_word' id='word_1_38' title='bbox 1377 974 1386 1026; x_wconf 79' lang='lat'>3</span> 
     </span>
     <span class='ocr_line' id='line_1_6' title="bbox 287 1050 1387 1138; baseline 0.012 -28"><span class='ocrx_word' id='word_1_39' title='bbox 287 1057 432 1130; x_wconf 90' lang='lat' dir='ltr'>provocat</span> <span class='ocrx_word' id='word_1_40' title='bbox 455 1050 535 1112; x_wconf 90' lang='lat' dir='ltr'>enim</span> <span class='ocrx_word' id='word_1_41' title='bbox 560 1050 598 1113; x_wconf 86' lang='lat' dir='ltr'>ad</span> <span class='ocrx_word' id='word_1_42' title='bbox 622 1051 733 1114; x_wconf 86' lang='lat' dir='ltr'>famam</span> <span class='ocrx_word' id='word_1_43' title='bbox 756 1051 837 1135; x_wconf 87' lang='lat' dir='ltr'>apud</span> <span class='ocrx_word' id='word_1_44' title='bbox 863 1053 942 1117; x_wconf 87' lang='lat' dir='ltr'>cives</span> <span class='ocrx_word' id='word_1_45' title='bbox 967 1076 1119 1138; x_wconf 84' lang='lat' dir='ltr'>sparsam,</span> <span class='ocrx_word' id='word_1_46' title='bbox 1146 1077 1237 1138; x_wconf 91' lang='lat' dir='ltr'>quam</span> <span class='ocrx_word' id='word_1_47' title='bbox 1262 1059 1387 1122; x_wconf 86' lang='lat' dir='ltr'>menda·</span> 
     </span>
     <span class='ocr_line' id='line_1_7' title="bbox 286 1159 1010 1248; baseline 0.007 -26"><span class='ocrx_word' id='word_1_48' title='bbox 286 1181 352 1222; x_wconf 91' lang='lat' dir='ltr'>eem</span> <span class='ocrx_word' id='word_1_49' title='bbox 376 1159 563 1224; x_wconf 90' lang='lat' dir='ltr'>adversarius</span> <span class='ocrx_word' id='word_1_50' title='bbox 587 1184 643 1225; x_wconf 86' lang='lat' dir='ltr'>suo</span> <span class='ocrx_word' id='word_1_51' title='bbox 667 1162 733 1225; x_wconf 92' lang='lat' dir='ltr'>iure</span> <span class='ocrx_word' id='word_1_52' title='bbox 757 1162 857 1226; x_wconf 81' lang='lat' dir='ltr'>dicere</span> <span class='ocrx_word' id='word_1_53' title='bbox 883 1171 1010 1248; x_wconf 90' lang='lat' dir='ltr'>poterat.</span> 
     </span>
    </p>

    <p class='ocr_par' dir='ltr' id='par_1_3' title="bbox 219 1268 1385 3796">
     <span class='ocr_line' id='line_1_8' title="bbox 331 1268 1385 1361; baseline 0.008 -29"><span class='ocrx_word' id='word_1_54' title='bbox 331 1268 438 1334; x_wconf 86' lang='lat' dir='ltr'>Oratio</span> <span class='ocrx_word' id='word_1_55' title='bbox 461 1271 589 1356; x_wconf 87' lang='lat' dir='ltr'>Lysiaca</span> <span class='ocrx_word' id='word_1_56' title='bbox 613 1281 659 1336; x_wconf 89' lang='lat' dir='ltr'>est</span> <span class='ocrx_word' id='word_1_57' title='bbox 675 1273 740 1336; x_wconf 85' lang='lat' dir='ltr'>sine</span> <span class='ocrx_word' id='word_1_58' title='bbox 756 1273 820 1337; x_wconf 88' lang='lat' dir='ltr'>ulla</span> <span class='ocrx_word' id='word_1_59' title='bbox 836 1275 1059 1352; x_wconf 74' lang='lat' dir='ltr'>controversia,</span> <span class='ocrx_word' id='word_1_60' title='bbox 1078 1283 1140 1338; x_wconf 88' lang='lat' dir='ltr'>tam</span> <span class='ocrx_word' id='word_1_61' title='bbox 1156 1298 1270 1355; x_wconf 90' lang='lat' dir='ltr'>sermo,</span> <span class='ocrx_word' id='word_1_62' title='bbox 1290 1299 1385 1361; x_wconf 89' lang='lat' dir='ltr'>quam</span> 
     </span>
     <span class='ocr_line' id='line_1_9' title="bbox 284 1381 1383 1479; baseline 0.007 -35"><span class='ocrx_word' id='word_1_63' title='bbox 284 1381 486 1479; x_wconf 84' lang='lat' dir='ltr'>redarguendi</span> <span class='ocrx_word' id='word_1_64' title='bbox 511 1394 540 1448; x_wconf 91' lang='lat' dir='ltr'>et</span> <span class='ocrx_word' id='word_1_65' title='bbox 565 1385 715 1470; x_wconf 89' lang='lat' dir='ltr'>probandi</span> <span class='ocrx_word' id='word_1_66' title='bbox 737 1387 815 1449; x_wconf 90' lang='lat' dir='ltr'>ratio</span> <span class='ocrx_word' id='word_1_67' title='bbox 838 1388 938 1470; x_wconf 74' lang='lat' dir='ltr'>p&#39;let</span> <span class='ocrx_word' id='word_1_68' title='bbox 956 1388 972 1452; x_wconf 86' lang='grc'><strong>7</strong></span> <span class='ocrx_word' id='word_1_69' title='bbox 992 1386 1051 1450; x_wconf 89' lang='lat' dir='ltr'>sibi</span> <span class='ocrx_word' id='word_1_70' title='bbox 1067 1387 1247 1471; x_wconf 88' lang='lat' dir='ltr'>impressam</span> <span class='ocrx_word' id='word_1_71' title='bbox 1265 1387 1383 1452; x_wconf 87' lang='lat' dir='ltr'>habent</span> 
     </span>
     <span class='ocr_line' id='line_1_10' title="bbox 283 1493 1385 1582; baseline 0.005 -26"><span class='ocrx_word' id='word_1_72' title='bbox 283 1493 326 1556; x_wconf 89' lang='lat' dir='ltr'>ita</span> <span class='ocrx_word' id='word_1_73' title='bbox 349 1494 477 1558; x_wconf 85' lang='lat' dir='ltr'>formam</span> <span class='ocrx_word' id='word_1_74' title='bbox 500 1496 616 1580; x_wconf 83' lang='lat' dir='ltr'>ingenii</span> <span class='ocrx_word' id='word_1_75' title='bbox 638 1496 775 1581; x_wconf 74' lang='lat' dir='ltr'>Lysiam,</span> <span class='ocrx_word' id='word_1_76' title='bbox 807 1505 843 1560; x_wconf 87' lang='lat' dir='ltr'>ut</span> <span class='ocrx_word' id='word_1_77' title='bbox 867 1495 949 1582; x_wconf 90' lang='lat' dir='ltr'>apud</span> <span class='ocrx_word' id='word_1_78' title='bbox 975 1521 1076 1562; x_wconf 89' lang='lat' dir='ltr'>rerum</span> <span class='ocrx_word' id='word_1_79' title='bbox 1100 1496 1267 1582; x_wconf 82' lang='lat' dir='ltr'>prudentes</span> <span class='ocrx_word' id='word_1_80' title='bbox 1295 1499 1385 1562; x_wconf 91' lang='lat' dir='ltr'>nulla</span> 
     </span>
     <span class='ocr_line' id='line_1_11' title="bbox 283 1603 1382 1692; baseline 0.005 -25"><span class='ocrx_word' id='word_1_81' title='bbox 283 1603 436 1668; x_wconf 84' lang='lat' dir='ltr'>dubitatio</span> <span class='ocrx_word' id='word_1_82' title='bbox 461 1629 524 1669; x_wconf 90' lang='lat' dir='ltr'>esse</span> <span class='ocrx_word' id='word_1_83' title='bbox 548 1608 652 1690; x_wconf 89' lang='lat' dir='ltr'>possit.</span> <span class='ocrx_word' id='word_1_84' title='bbox 700 1607 861 1672; x_wconf 82' lang='lat' dir='ltr'>Transitus</span> <span class='ocrx_word' id='word_1_85' title='bbox 886 1615 955 1692; x_wconf 89' lang='lat' dir='ltr'>post</span> <span class='ocrx_word' id='word_1_86' title='bbox 977 1609 994 1692; x_wconf 65' lang='lat' dir='ltr'>d</span> <span class='ocrx_word' id='word_1_87' title='bbox 1017 1611 1037 1670; x_wconf 76' lang='lat' dir='ltr'>l</span> <span class='ocrx_word' id='word_1_88' title='bbox 1062 1607 1162 1685; x_wconf 80' lang='lat' dir='ltr'>deest3</span> <span class='ocrx_word' id='word_1_89' title='bbox 1189 1630 1226 1671; x_wconf 81' lang='lat' dir='ltr'>ex</span> <span class='ocrx_word' id='word_1_90' title='bbox 1242 1609 1382 1692; x_wconf 87' lang='lat' dir='ltr'>superio-</span> 
     </span>
     <span class='ocr_line' id='line_1_12' title="bbox 281 1715 1382 1802; baseline 0.005 -24"><span class='ocrx_word' id='word_1_91' title='bbox 281 1715 367 1779; x_wconf 91' lang='lat' dir='ltr'>ribus</span> <span class='ocrx_word' id='word_1_92' title='bbox 398 1717 523 1780; x_wconf 90' lang='lat' dir='ltr'>minime</span> <span class='ocrx_word' id='word_1_93' title='bbox 555 1717 754 1802; x_wconf 84' lang='lat' dir='ltr'>consequitur</span> <span class='ocrx_word' id='word_1_94' title='bbox 783 1717 862 1781; x_wconf 90' lang='lat' dir='ltr'>illud</span> <span class='ocrx_word' id='word_1_95' title='bbox 899 1716 981 1801; x_wconf 90' lang='lat' dir='ltr'>quod</span> <span class='ocrx_word' id='word_1_96' title='bbox 1006 1721 1022 1802; x_wconf 59' lang='lat' dir='ltr'>r}</span> <span class='ocrx_word' id='word_1_97' title='bbox 1047 1721 1064 1778; x_wconf 89' lang='lat'>5</span> <span class='ocrx_word' id='word_1_98' title='bbox 1090 1726 1238 1801; x_wconf 88' lang='lat' dir='ltr'>tanquam</span> <span class='ocrx_word' id='word_1_99' title='bbox 1262 1725 1382 1782; x_wconf 89' lang='lat' dir='ltr'>certum</span> 
     </span>
     <span class='ocr_line' id='line_1_13' title="bbox 219 1814 1377 1913; baseline 0.003 -24"><span class='ocrx_word' id='word_1_100' title='bbox 219 1814 223 1820; x_wconf 38' lang='lat'>¹</span> <span class='ocrx_word' id='word_1_101' title='bbox 281 1828 444 1910; x_wconf 85' lang='lat' dir='ltr'>proponit,</span> <span class='ocrx_word' id='word_1_102' title='bbox 478 1827 540 1890; x_wconf 90' lang='lat' dir='ltr'>duo</span> <span class='ocrx_word' id='word_1_103' title='bbox 568 1836 688 1892; x_wconf 90' lang='lat' dir='ltr'>tantum</span> <span class='ocrx_word' id='word_1_104' title='bbox 719 1828 832 1913; x_wconf 89' lang='lat' dir='ltr'>quibus</span> <span class='ocrx_word' id='word_1_105' title='bbox 857 1851 889 1892; x_wconf 94' lang='lat' dir='ltr'>se</span> <span class='ocrx_word' id='word_1_106' title='bbox 913 1827 1074 1905; x_wconf 86' lang='lat' dir='ltr'>defendat,</span> <span class='ocrx_word' id='word_1_107' title='bbox 1099 1827 1269 1892; x_wconf 89' lang='lat' dir='ltr'>Philocrati</span> <span class='ocrx_word' id='word_1_108' title='bbox 1293 1852 1377 1907; x_wconf 92' lang='lat' dir='ltr'>esse,</span> 
     </span>
     <span class='ocr_line' id='line_1_14' title="bbox 281 1938 1379 2022; baseline 0.002 -21"><span class='ocrx_word' id='word_1_109' title='bbox 281 1946 334 2002; x_wconf 90' lang='lat' dir='ltr'>aut</span> <span class='ocrx_word' id='word_1_110' title='bbox 364 1939 439 2002; x_wconf 91' lang='lat' dir='ltr'>alios</span> <span class='ocrx_word' id='word_1_111' title='bbox 468 1938 648 2003; x_wconf 88' lang='lat' dir='ltr'>indicandos</span> <span class='ocrx_word' id='word_1_112' title='bbox 681 1961 762 2016; x_wconf 90' lang='lat' dir='ltr'>esse,</span> <span class='ocrx_word' id='word_1_113' title='bbox 794 1940 848 2021; x_wconf 91' lang='lat' dir='ltr'>qui</span> <span class='ocrx_word' id='word_1_114' title='bbox 880 1938 1018 2022; x_wconf 76' lang='lat' dir='ltr'>llrgoclis</span> <span class='ocrx_word' id='word_1_115' title='bbox 1042 1938 1123 2002; x_wconf 89' lang='lat' dir='ltr'>bona</span> <span class='ocrx_word' id='word_1_116' title='bbox 1146 1938 1296 2014; x_wconf 87' lang='lat' dir='ltr'>habeant,</span> <span class='ocrx_word' id='word_1_117' title='bbox 1323 1947 1379 2004; x_wconf 88' lang='lat' dir='ltr'>aut</span> 
     </span>
     <span class='ocr_line' id='line_1_15' title="bbox 279 2047 1380 2134; baseline 0.003 -24"><span class='ocrx_word' id='word_1_118' title='bbox 279 2047 439 2132; x_wconf 85' lang='lat' dir='ltr'>Ergoclem</span> <span class='ocrx_word' id='word_1_119' title='bbox 471 2049 584 2112; x_wconf 86' lang='lat' dir='ltr'>iniuria</span> <span class='ocrx_word' id='word_1_120' title='bbox 616 2048 852 2113; x_wconf 89' lang='lat' dir='ltr'>condemnatum</span> <span class='ocrx_word' id='word_1_121' title='bbox 880 2071 960 2126; x_wconf 89' lang='lat' dir='ltr'>esse;</span> <span class='ocrx_word' id='word_1_122' title='bbox 986 2072 1020 2112; x_wconf 91' lang='lat' dir='ltr'>ea</span> <span class='ocrx_word' id='word_1_123' title='bbox 1044 2071 1230 2132; x_wconf 89' lang='lat' dir='ltr'>quamquam</span> <span class='ocrx_word' id='word_1_124' title='bbox 1253 2072 1308 2134; x_wconf 90' lang='lat' dir='ltr'>pro</span> <span class='ocrx_word' id='word_1_125' title='bbox 1332 2073 1380 2114; x_wconf 86' lang='lat' dir='ltr'>ra-</span> 
     </span>
     <span class='ocr_line' id='line_1_16' title="bbox 278 2159 1377 2244; baseline 0.001 -21"><span class='ocrx_word' id='word_1_126' title='bbox 278 2161 362 2223; x_wconf 91' lang='lat' dir='ltr'>tione</span> <span class='ocrx_word' id='word_1_127' title='bbox 392 2161 483 2224; x_wconf 89' lang='lat' dir='ltr'>istius</span> <span class='ocrx_word' id='word_1_128' title='bbox 515 2161 640 2238; x_wconf 87' lang='lat' dir='ltr'>iudicii,</span> <span class='ocrx_word' id='word_1_129' title='bbox 664 2162 696 2224; x_wconf 92' lang='lat' dir='ltr'>in</span> <span class='ocrx_word' id='word_1_130' title='bbox 721 2183 782 2244; x_wconf 93' lang='lat' dir='ltr'>quo</span> <span class='ocrx_word' id='word_1_131' title='bbox 808 2161 868 2224; x_wconf 88' lang='lat' dir='ltr'>alia</span> <span class='ocrx_word' id='word_1_132' title='bbox 891 2161 1008 2224; x_wconf 87' lang='lat' dir='ltr'>ratione</span> <span class='ocrx_word' id='word_1_133' title='bbox 1032 2160 1193 2244; x_wconf 84' lang='lat' dir='ltr'>rapacibus</span> <span class='ocrx_word' id='word_1_134' title='bbox 1218 2159 1377 2224; x_wconf 89' lang='lat' dir='ltr'>iudicibus</span> 
     </span>
     <span class='ocr_line' id='line_1_17' title="bbox 278 2272 1377 2358; baseline 0.003 -25"><span class='ocrx_word' id='word_1_135' title='bbox 278 2273 418 2336; x_wconf 88' lang='lat' dir='ltr'>satisfieri</span> <span class='ocrx_word' id='word_1_136' title='bbox 441 2295 503 2336; x_wconf 89' lang='lat' dir='ltr'>non</span> <span class='ocrx_word' id='word_1_137' title='bbox 528 2280 665 2358; x_wconf 85' lang='lat' dir='ltr'>poterat,</span> <span class='ocrx_word' id='word_1_138' title='bbox 692 2273 848 2336; x_wconf 89' lang='lat' dir='ltr'>verissima</span> <span class='ocrx_word' id='word_1_139' title='bbox 872 2283 962 2355; x_wconf 86' lang='lat' dir='ltr'>sunt,</span> <span class='ocrx_word' id='word_1_140' title='bbox 987 2279 1089 2336; x_wconf 88' lang='lat' dir='ltr'>tamen</span> <span class='ocrx_word' id='word_1_141' title='bbox 1113 2294 1174 2336; x_wconf 90' lang='lat' dir='ltr'>non</span> <span class='ocrx_word' id='word_1_142' title='bbox 1199 2272 1242 2336; x_wconf 85' lang='lat' dir='ltr'>ita</span> <span class='ocrx_word' id='word_1_143' title='bbox 1266 2273 1377 2336; x_wconf 91' lang='lat' dir='ltr'>cohae-</span> 
     </span>
     <span class='ocr_line' id='line_1_18' title="bbox 276 2383 1376 2469; baseline 0.002 -23"><span class='ocrx_word' id='word_1_144' title='bbox 276 2391 344 2447; x_wconf 89' lang='lat' dir='ltr'>rent</span> <span class='ocrx_word' id='word_1_145' title='bbox 368 2407 437 2448; x_wconf 92' lang='lat' dir='ltr'>cum</span> <span class='ocrx_word' id='word_1_146' title='bbox 462 2384 686 2469; x_wconf 87' lang='lat' dir='ltr'>superioribus,</span> <span class='ocrx_word' id='word_1_147' title='bbox 712 2385 787 2468; x_wconf 91' lang='lat' dir='ltr'>quin</span> <span class='ocrx_word' id='word_1_148' title='bbox 812 2383 928 2466; x_wconf 90' lang='lat' dir='ltr'>aliquid</span> <span class='ocrx_word' id='word_1_149' title='bbox 953 2385 997 2448; x_wconf 91' lang='lat' dir='ltr'>ibi</span> <span class='ocrx_word' id='word_1_150' title='bbox 1021 2385 1120 2448; x_wconf 90' lang='lat' dir='ltr'>omitti</span> <span class='ocrx_word' id='word_1_151' title='bbox 1146 2383 1293 2468; x_wconf 89' lang='lat' dir='ltr'>potuerit.</span> <span class='ocrx_word' id='word_1_152' title='bbox 1335 2383 1376 2448; x_wconf 90' lang='lat' dir='ltr'>In</span> 
     </span>
     <span class='ocr_line' id='line_1_19' title="bbox 275 2495 1374 2581; baseline 0 -23"><span class='ocrx_word' id='word_1_153' title='bbox 275 2495 402 2580; x_wconf 89' lang='lat' dir='ltr'>reliquis</span> <span class='ocrx_word' id='word_1_154' title='bbox 425 2497 512 2560; x_wconf 90' lang='lat' dir='ltr'>nulla</span> <span class='ocrx_word' id='word_1_155' title='bbox 534 2497 663 2580; x_wconf 81' lang='lat' dir='ltr'>vestigia</span> <span class='ocrx_word' id='word_1_156' title='bbox 687 2519 836 2580; x_wconf 83' lang='lat' dir='ltr'>agnosco,</span> <span class='ocrx_word' id='word_1_157' title='bbox 861 2497 944 2560; x_wconf 92' lang='lat' dir='ltr'>unde</span> <span class='ocrx_word' id='word_1_158' title='bbox 969 2497 1123 2581; x_wconf 89' lang='lat' dir='ltr'>epitomen</span> <span class='ocrx_word' id='word_1_159' title='bbox 1146 2517 1210 2561; x_wconf 89' lang='lat' dir='ltr'>esse</span> <span class='ocrx_word' id='word_1_160' title='bbox 1228 2495 1374 2560; x_wconf 87' lang='lat' dir='ltr'>concludi</span> 
     </span>
     <span class='ocr_line' id='line_1_20' title="bbox 273 2605 1372 2692; baseline -0.001 -23"><span class='ocrx_word' id='word_1_161' title='bbox 273 2608 380 2690; x_wconf 87' lang='lat' dir='ltr'>possit.</span> <span class='ocrx_word' id='word_1_162' title='bbox 427 2605 508 2670; x_wconf 88' lang='lat' dir='ltr'>Nam</span> <span class='ocrx_word' id='word_1_163' title='bbox 532 2607 613 2692; x_wconf 88' lang='lat' dir='ltr'>qnod</span> <span class='ocrx_word' id='word_1_164' title='bbox 631 2608 662 2670; x_wconf 90' lang='lat' dir='ltr'>in</span> <span class='ocrx_word' id='word_1_165' title='bbox 680 2629 771 2671; x_wconf 89' lang='lat' dir='ltr'>causa</span> <span class='ocrx_word' id='word_1_166' title='bbox 787 2607 1000 2690; x_wconf 84' lang='lat' dir='ltr'>gravissimum</span> <span class='ocrx_word' id='word_1_167' title='bbox 1018 2615 1082 2685; x_wconf 87' lang='lat' dir='ltr'>est,</span> <span class='ocrx_word' id='word_1_168' title='bbox 1100 2609 1143 2670; x_wconf 90' lang='lat' dir='ltr'>ita</span> <span class='ocrx_word' id='word_1_169' title='bbox 1159 2609 1175 2691; x_wconf 63' lang='lat' dir='ltr'>p</span> <span class='ocrx_word' id='word_1_170' title='bbox 1193 2609 1211 2668; x_wconf 89' lang='grc'><strong>6</strong></span> <span class='ocrx_word' id='word_1_171' title='bbox 1229 2605 1372 2684; x_wconf 87' lang='lat' dir='ltr'>effertur,</span> 
     </span>
     <span class='ocr_line' id='line_1_21' title="bbox 274 2717 1372 2804; baseline 0.001 -25"><span class='ocrx_word' id='word_1_172' title='bbox 274 2725 309 2780; x_wconf 89' lang='lat' dir='ltr'>ut</span> <span class='ocrx_word' id='word_1_173' title='bbox 338 2718 435 2801; x_wconf 87' lang='lat' dir='ltr'>ipsam</span> <span class='ocrx_word' id='word_1_174' title='bbox 459 2717 567 2802; x_wconf 84' lang='lat' dir='ltr'>Lysiae</span> <span class='ocrx_word' id='word_1_175' title='bbox 592 2741 716 2782; x_wconf 89' lang='lat' dir='ltr'>manum</span> <span class='ocrx_word' id='word_1_176' title='bbox 740 2741 801 2782; x_wconf 89' lang='lat' dir='ltr'>non</span> <span class='ocrx_word' id='word_1_177' title='bbox 826 2717 1036 2804; x_wconf 87' lang='lat' dir='ltr'>epitomatoris</span> <span class='ocrx_word' id='word_1_178' title='bbox 1062 2741 1234 2802; x_wconf 81' lang='lat' dir='ltr'>agnoscam.</span> <span class='ocrx_word' id='word_1_179' title='bbox 1282 2717 1372 2797; x_wconf 78' lang='lat' dir='ltr'>Quae</span> 
     </span>
     <span class='ocr_line' id='line_1_22' title="bbox 272 2830 1374 2914; baseline 0.002 -24"><span class='ocrx_word' id='word_1_180' title='bbox 272 2831 330 2914; x_wconf 57' lang='grc' dir='ltr'>Μ</span> <span class='ocrx_word' id='word_1_181' title='bbox 355 2833 428 2894; x_wconf 90' lang='lat' dir='ltr'>et3</span> <span class='ocrx_word' id='word_1_182' title='bbox 463 2830 608 2895; x_wconf 89' lang='lat' dir='ltr'>dicuntur</span> <span class='ocrx_word' id='word_1_183' title='bbox 639 2830 742 2894; x_wconf 90' lang='lat' dir='ltr'>brevia</span> <span class='ocrx_word' id='word_1_184' title='bbox 773 2837 846 2893; x_wconf 88' lang='lat' dir='ltr'>sunt</span> <span class='ocrx_word' id='word_1_185' title='bbox 875 2830 930 2893; x_wconf 91' lang='lat' dir='ltr'>illa</span> <span class='ocrx_word' id='word_1_186' title='bbox 953 2830 1044 2893; x_wconf 90' lang='lat' dir='ltr'>nimis</span> <span class='ocrx_word' id='word_1_187' title='bbox 1068 2853 1123 2914; x_wconf 89' lang='lat' dir='ltr'>pro</span> <span class='ocrx_word' id='word_1_188' title='bbox 1148 2852 1250 2894; x_wconf 89' lang='lat' dir='ltr'>rerum</span> <span class='ocrx_word' id='word_1_189' title='bbox 1274 2830 1374 2914; x_wconf 88' lang='lat' dir='ltr'>gravi-</span> 
     </span>
     <span class='ocr_line' id='line_1_23' title="bbox 272 2941 1370 3025; baseline 0 -21"><span class='ocrx_word' id='word_1_190' title='bbox 272 2947 352 3018; x_wconf 89' lang='lat' dir='ltr'>tate;</span> <span class='ocrx_word' id='word_1_191' title='bbox 386 2949 585 3006; x_wconf 89' lang='lat' dir='ltr'>veruntamen</span> <span class='ocrx_word' id='word_1_192' title='bbox 615 2941 723 3004; x_wconf 90' lang='lat' dir='ltr'>melior</span> <span class='ocrx_word' id='word_1_193' title='bbox 755 2948 801 3004; x_wconf 90' lang='lat' dir='ltr'>est</span> <span class='ocrx_word' id='word_1_194' title='bbox 832 2941 979 3004; x_wconf 87' lang='lat' dir='ltr'>orationis</span> <span class='ocrx_word' id='word_1_195' title='bbox 1009 2941 1106 3004; x_wconf 83' lang='lat' dir='ltr'>forma</span> <span class='ocrx_word' id='word_1_196' title='bbox 1129 2963 1183 3025; x_wconf 89' lang='lat' dir='ltr'>per</span> <span class='ocrx_word' id='word_1_197' title='bbox 1207 2941 1370 3004; x_wconf 89' lang='lat' dir='ltr'>continuas</span> 
     </span>
     <span class='ocr_line' id='line_1_24' title="bbox 271 3051 1372 3142; baseline -0.002 -26"><span class='ocrx_word' id='word_1_198' title='bbox 271 3053 524 3138; x_wconf 85' lang='lat' dir='ltr'>interrogationes</span> <span class='ocrx_word' id='word_1_199' title='bbox 555 3054 723 3137; x_wconf 89' lang='lat' dir='ltr'>producta,</span> <span class='ocrx_word' id='word_1_200' title='bbox 757 3075 847 3137; x_wconf 88' lang='lat' dir='ltr'>quam</span> <span class='ocrx_word' id='word_1_201' title='bbox 872 3059 907 3116; x_wconf 89' lang='lat' dir='ltr'>ut</span> <span class='ocrx_word' id='word_1_202' title='bbox 932 3052 968 3142; x_wconf 79' lang='lat' dir='ltr'>ab</span> <span class='ocrx_word' id='word_1_203' title='bbox 994 3052 1194 3136; x_wconf 86' lang='lat' dir='ltr'>epitomatore</span> <span class='ocrx_word' id='word_1_204' title='bbox 1219 3051 1372 3135; x_wconf 89' lang='lat' dir='ltr'>proficisci</span> 
     </span>
     <span class='ocr_line' id='line_1_25' title="bbox 271 3163 1370 3250; baseline -0.005 -22"><span class='ocrx_word' id='word_1_205' title='bbox 271 3166 377 3250; x_wconf 88' lang='lat' dir='ltr'>possit.</span> <span class='ocrx_word' id='word_1_206' title='bbox 417 3165 525 3250; x_wconf 86' lang='lat' dir='ltr'>Lysias</span> <span class='ocrx_word' id='word_1_207' title='bbox 549 3165 644 3248; x_wconf 85' lang='lat' dir='ltr'>igitur</span> <span class='ocrx_word' id='word_1_208' title='bbox 664 3164 743 3227; x_wconf 90' lang='lat' dir='ltr'>hanc</span> <span class='ocrx_word' id='word_1_209' title='bbox 760 3164 944 3248; x_wconf 88' lang='lat' dir='ltr'>levipensem</span> <span class='ocrx_word' id='word_1_210' title='bbox 961 3163 1130 3226; x_wconf 88' lang='lat' dir='ltr'>orationem</span> <span class='ocrx_word' id='word_1_211' title='bbox 1146 3163 1271 3226; x_wconf 91' lang='lat' dir='ltr'>omnino</span> <span class='ocrx_word' id='word_1_212' title='bbox 1288 3183 1370 3224; x_wconf 87' lang='lat' dir='ltr'>com-</span> 
     </span>
     <span class='ocr_line' id='line_1_26' title="bbox 271 3273 1368 3360; baseline -0.003 -21"><span class='ocrx_word' id='word_1_213' title='bbox 271 3277 408 3360; x_wconf 87' lang='lat' dir='ltr'>posuisse</span> <span class='ocrx_word' id='word_1_214' title='bbox 431 3273 565 3353; x_wconf 83' lang='lat' dir='ltr'>videtur,</span> <span class='ocrx_word' id='word_1_215' title='bbox 594 3275 647 3338; x_wconf 86' lang='lat' dir='ltr'>sed</span> <span class='ocrx_word' id='word_1_216' title='bbox 671 3297 779 3359; x_wconf 85' lang='lat' dir='ltr'>parum</span> <span class='ocrx_word' id='word_1_217' title='bbox 804 3273 900 3336; x_wconf 90' lang='lat' dir='ltr'>studii</span> <span class='ocrx_word' id='word_1_218' title='bbox 923 3273 955 3336; x_wconf 91' lang='lat' dir='ltr'>in</span> <span class='ocrx_word' id='word_1_219' title='bbox 973 3295 1008 3336; x_wconf 88' lang='lat' dir='ltr'>ea</span> <span class='ocrx_word' id='word_1_220' title='bbox 1024 3273 1203 3350; x_wconf 85' lang='lat' dir='ltr'>collocasse,</span> <span class='ocrx_word' id='word_1_221' title='bbox 1221 3273 1368 3356; x_wconf 90' lang='lat' dir='ltr'>quoniam</span> 
     </span>
     <span class='ocr_line' id='line_1_27' title="bbox 269 3381 1371 3472; baseline -0.008 -20"><span class='ocrx_word' id='word_1_222' title='bbox 269 3410 449 3472; x_wconf 90' lang='lat' dir='ltr'>persuasum</span> <span class='ocrx_word' id='word_1_223' title='bbox 480 3386 606 3450; x_wconf 87' lang='lat' dir='ltr'>haberet</span> <span class='ocrx_word' id='word_1_224' title='bbox 637 3391 831 3460; x_wconf 87' lang='lat' dir='ltr'>accusatum,</span> <span class='ocrx_word' id='word_1_225' title='bbox 865 3405 904 3446; x_wconf 90' lang='lat' dir='ltr'>ne</span> <span class='ocrx_word' id='word_1_226' title='bbox 928 3384 954 3445; x_wconf 92' lang='lat' dir='ltr'>si</span> <span class='ocrx_word' id='word_1_227' title='bbox 978 3381 1095 3467; x_wconf 88' lang='lat' dir='ltr'>Orphei</span> <span class='ocrx_word' id='word_1_228' title='bbox 1119 3383 1245 3466; x_wconf 91' lang='lat' dir='ltr'>quidem</span> <span class='ocrx_word' id='word_1_229' title='bbox 1269 3383 1371 3444; x_wconf 91' lang='lat' dir='ltr'>suavi-</span> 
     </span>
     <span class='ocr_line' id='line_1_28' title="bbox 268 3493 1363 3578; baseline -0.005 -16"><span class='ocrx_word' id='word_1_230' title='bbox 268 3505 363 3562; x_wconf 86' lang='lat' dir='ltr'>tatem</span> <span class='ocrx_word' id='word_1_231' title='bbox 379 3497 538 3563; x_wconf 89' lang='lat' dir='ltr'>adhibcret</span> <span class='ocrx_word' id='word_1_232' title='bbox 554 3495 592 3558; x_wconf 91' lang='lat' dir='ltr'>ad</span> <span class='ocrx_word' id='word_1_233' title='bbox 609 3494 834 3570; x_wconf 83' lang='lat' dir='ltr'>defensionem,</span> <span class='ocrx_word' id='word_1_234' title='bbox 852 3493 992 3556; x_wconf 88' lang='lat' dir='ltr'>iudicum</span> <span class='ocrx_word' id='word_1_235' title='bbox 1008 3493 1150 3557; x_wconf 88' lang='lat' dir='ltr'>manibus</span> <span class='ocrx_word' id='word_1_236' title='bbox 1168 3493 1245 3578; x_wconf 89' lang='lat' dir='ltr'>eripi</span> <span class='ocrx_word' id='word_1_237' title='bbox 1261 3514 1363 3578; x_wconf 88' lang='lat' dir='ltr'>posse.</span> 
     </span>
     <span class='ocr_line' id='line_1_29' title="bbox 267 3605 1368 3692; baseline -0.005 -19"><span class='ocrx_word' id='word_1_238' title='bbox 267 3607 407 3673; x_wconf 89' lang='lat' dir='ltr'>Breviter</span> <span class='ocrx_word' id='word_1_239' title='bbox 436 3609 532 3692; x_wconf 84' lang='lat' dir='ltr'>igitur</span> <span class='ocrx_word' id='word_1_240' title='bbox 558 3608 590 3671; x_wconf 91' lang='lat' dir='ltr'>in</span> <span class='ocrx_word' id='word_1_241' title='bbox 613 3607 791 3670; x_wconf 90' lang='lat' dir='ltr'>memoriam</span> <span class='ocrx_word' id='word_1_242' title='bbox 814 3605 986 3682; x_wconf 90' lang='lat' dir='ltr'>revocavit,</span> <span class='ocrx_word' id='word_1_243' title='bbox 1011 3627 1089 3688; x_wconf 87' lang='lat' dir='ltr'>quae</span> <span class='ocrx_word' id='word_1_244' title='bbox 1113 3614 1250 3668; x_wconf 91' lang='lat' dir='ltr'>constare</span> <span class='ocrx_word' id='word_1_245' title='bbox 1275 3610 1368 3688; x_wconf 90' lang='lat' dir='ltr'>puta-</span> 
     </span>
     <span class='ocr_line' id='line_1_30' title="bbox 267 3716 1316 3796; baseline -0.007 -12"><span class='ocrx_word' id='word_1_246' title='bbox 267 3721 378 3784; x_wconf 91' lang='lat' dir='ltr'>bantur</span> <span class='ocrx_word' id='word_1_247' title='bbox 401 3719 438 3783; x_wconf 91' lang='lat' dir='ltr'>de</span> <span class='ocrx_word' id='word_1_248' title='bbox 462 3718 650 3796; x_wconf 89' lang='lat' dir='ltr'>Philocrate,</span> <span class='ocrx_word' id='word_1_249' title='bbox 676 3741 711 3782; x_wconf 91' lang='lat' dir='ltr'>ea</span> <span class='ocrx_word' id='word_1_250' title='bbox 734 3739 765 3780; x_wconf 92' lang='lat' dir='ltr'>re</span> <span class='ocrx_word' id='word_1_251' title='bbox 789 3739 820 3780; x_wconf 87' lang='lat' dir='ltr'>se</span> <span class='ocrx_word' id='word_1_252' title='bbox 844 3716 998 3780; x_wconf 88' lang='lat' dir='ltr'>iudicibus</span> <span class='ocrx_word' id='word_1_253' title='bbox 1024 3716 1197 3778; x_wconf 86' lang='lat' dir='ltr'>satisfacere</span> <span class='ocrx_word' id='word_1_254' title='bbox 1220 3721 1316 3779; x_wconf 88' lang='lat' dir='ltr'>ratus.</span> 
     </span>
    </p>

    <p class='ocr_par' dir='ltr' id='par_1_4' title="bbox 262 3825 1367 4471">
     <span class='ocr_line' id='line_1_31' title="bbox 310 3825 1367 3915; baseline -0.002 -23"><span class='ocrx_word' id='word_1_255' title='bbox 310 3833 327 3915; x_wconf 64' lang='lat' dir='ltr'>p</span> <span class='ocrx_word' id='word_1_256' title='bbox 351 3833 380 3894; x_wconf 75' lang='grc'>2.</span> <span class='ocrx_word' id='word_1_257' title='bbox 428 3830 477 3894; x_wconf 70' lang='grc' dir='ltr'>καὶ</span> <span class='ocrx_word' id='word_1_258' title='bbox 508 3829 617 3894; x_wconf 79' lang='grc' dir='ltr'><em>τούτων</em></span> <span class='ocrx_word' id='word_1_259' title='bbox 639 3834 695 3892; x_wconf 75' lang='grc' dir='ltr'>τῶν</span> <span class='ocrx_word' id='word_1_260' title='bbox 718 3828 881 3908; x_wconf 61' lang='grc' dir='ltr'>χρημάτων</span> <span class='ocrx_word' id='word_1_261' title='bbox 904 3827 981 3891; x_wconf 74' lang='grc' dir='ltr'><em>οὐδὲν</em></span> <span class='ocrx_word' id='word_1_262' title='bbox 1004 3828 1032 3890; x_wconf 82' lang='grc' dir='ltr'>ἐν</span> <span class='ocrx_word' id='word_1_263' title='bbox 1055 3834 1092 3904; x_wconf 71' lang='grc' dir='ltr'>τῇ</span> <span class='ocrx_word' id='word_1_264' title='bbox 1116 3828 1199 3890; x_wconf 74' lang='grc' dir='ltr'><strong><em>πόλει</em></strong></span> <span class='ocrx_word' id='word_1_265' title='bbox 1222 3825 1367 3907; x_wconf 69' lang='grc' dir='ltr'>φαείνεται</span> 
     </span>
     <span class='ocr_line' id='line_1_32' title="bbox 266 3935 1366 4026; baseline -0.007 -20"><span class='ocrx_word' id='word_1_266' title='bbox 266 3949 408 4026; x_wconf 89' lang='lat' dir='ltr'>suspecta</span> <span class='ocrx_word' id='word_1_267' title='bbox 439 3949 512 4005; x_wconf 88' lang='lat' dir='ltr'>sunt</span> <span class='ocrx_word' id='word_1_268' title='bbox 543 3940 634 4004; x_wconf 87' lang='lat' dir='ltr'>verba</span> <span class='ocrx_word' id='word_1_269' title='bbox 664 3941 692 4004; x_wconf 84' lang='grc' dir='ltr'>ἐν</span> <span class='ocrx_word' id='word_1_270' title='bbox 715 3948 752 4019; x_wconf 69' lang='grc' dir='ltr'>τῇ</span> <span class='ocrx_word' id='word_1_271' title='bbox 776 3937 869 4002; x_wconf 75' lang='grc' dir='ltr'><em>πόλει.</em></span> <span class='ocrx_word' id='word_1_272' title='bbox 916 3935 1014 3999; x_wconf 87' lang='lat' dir='ltr'>Nulla</span> <span class='ocrx_word' id='word_1_273' title='bbox 1038 3936 1119 3998; x_wconf 90' lang='lat' dir='ltr'>enim</span> <span class='ocrx_word' id='word_1_274' title='bbox 1143 3943 1188 3998; x_wconf 91' lang='lat' dir='ltr'>est</span> <span class='ocrx_word' id='word_1_275' title='bbox 1211 3936 1366 4021; x_wconf 91' lang='lat' dir='ltr'>oppositio</span> 
     </span>
     <span class='ocr_line' id='line_1_33' title="bbox 264 4047 1365 4133; baseline -0.005 -17"><span class='ocrx_word' id='word_1_276' title='bbox 264 4055 345 4118; x_wconf 89' lang='lat' dir='ltr'>inter</span> <span class='ocrx_word' id='word_1_277' title='bbox 368 4054 448 4116; x_wconf 83' lang='lat' dir='ltr'>cives</span> <span class='ocrx_word' id='word_1_278' title='bbox 473 4059 503 4116; x_wconf 90' lang='lat' dir='ltr'>et</span> <span class='ocrx_word' id='word_1_279' title='bbox 526 4053 640 4116; x_wconf 90' lang='lat' dir='ltr'>hostes.</span> <span class='ocrx_word' id='word_1_280' title='bbox 664 4049 745 4114; x_wconf 89' lang='lat' dir='ltr'>Nam</span> <span class='ocrx_word' id='word_1_281' title='bbox 762 4051 793 4112; x_wconf 94' lang='lat' dir='ltr'>in</span> <span class='ocrx_word' id='word_1_282' title='bbox 812 4048 1011 4133; x_wconf 89' lang='lat' dir='ltr'>sequentibus</span> <span class='ocrx_word' id='word_1_283' title='bbox 1024 4047 1135 4129; x_wconf 76' lang='grc' dir='ltr'>ἐχθροί,</span> <span class='ocrx_word' id='word_1_284' title='bbox 1154 4047 1287 4131; x_wconf 87' lang='lat' dir='ltr'>oppositi</span> <span class='ocrx_word' id='word_1_285' title='bbox 1302 4053 1365 4120; x_wconf 82' lang='grc' dir='ltr'>τοῖς</span> 
     </span>
     <span class='ocr_line' id='line_1_34' title="bbox 263 4156 1366 4240; baseline -0.007 -12"><span class='ocrx_word' id='word_1_286' title='bbox 263 4165 417 4239; x_wconf 70' lang='grc' dir='ltr'><em>κηδεσταῖς</em></span> <span class='ocrx_word' id='word_1_287' title='bbox 441 4165 489 4227; x_wconf 73' lang='lat' dir='ltr'>aa}</span> <span class='ocrx_word' id='word_1_288' title='bbox 514 4163 638 4239; x_wconf 74' lang='grc' dir='ltr'><strong><em>οἰκείοις,</em></strong></span> <span class='ocrx_word' id='word_1_289' title='bbox 664 4168 736 4223; x_wconf 91' lang='lat' dir='ltr'>sunt</span> <span class='ocrx_word' id='word_1_290' title='bbox 760 4159 891 4234; x_wconf 86' lang='lat' dir='ltr'>inimici,</span> <span class='ocrx_word' id='word_1_291' title='bbox 917 4157 1080 4219; x_wconf 86' lang='lat' dir='ltr'>adversarii</span> <span class='ocrx_word' id='word_1_292' title='bbox 1097 4156 1245 4240; x_wconf 76' lang='lat' dir='ltr'>Ergoclia</span> <span class='ocrx_word' id='word_1_293' title='bbox 1272 4157 1366 4220; x_wconf 88' lang='lat' dir='ltr'>Prae-</span> 
     </span>
     <span class='ocr_line' id='line_1_35' title="bbox 262 4269 1364 4360; baseline -0.006 -22"><span class='ocrx_word' id='word_1_294' title='bbox 262 4284 345 4340; x_wconf 87' lang='lat' dir='ltr'>terea</span> <span class='ocrx_word' id='word_1_295' title='bbox 376 4275 549 4360; x_wconf 89' lang='lat' dir='ltr'>suspicatur</span> <span class='ocrx_word' id='word_1_296' title='bbox 577 4296 641 4337; x_wconf 91' lang='lat' dir='ltr'>esse</span> <span class='ocrx_word' id='word_1_297' title='bbox 672 4295 704 4335; x_wconf 93' lang='lat' dir='ltr'>re</span> <span class='ocrx_word' id='word_1_298' title='bbox 735 4294 806 4335; x_wconf 91' lang='lat' dir='ltr'>vera</span> <span class='ocrx_word' id='word_1_299' title='bbox 834 4271 866 4334; x_wconf 87' lang='lat' dir='ltr'>in</span> <span class='ocrx_word' id='word_1_300' title='bbox 890 4269 965 4333; x_wconf 91' lang='lat' dir='ltr'>urbe</span> <span class='ocrx_word' id='word_1_301' title='bbox 990 4269 1055 4332; x_wconf 91' lang='lat' dir='ltr'>eius</span> <span class='ocrx_word' id='word_1_302' title='bbox 1081 4269 1179 4348; x_wconf 92' lang='lat' dir='ltr'>bona,</span> <span class='ocrx_word' id='word_1_303' title='bbox 1205 4291 1301 4353; x_wconf 90' lang='lat' dir='ltr'>quum</span> <span class='ocrx_word' id='word_1_304' title='bbox 1327 4291 1364 4332; x_wconf 90' lang='lat' dir='ltr'>ea</span> 
     </span>
     <span class='ocr_line' id='line_1_36' title="bbox 262 4380 1361 4471; baseline -0.008 -21"><span class='ocrx_word' id='word_1_305' title='bbox 262 4389 365 4471; x_wconf 79' lang='lat' dir='ltr'>exigat</span> <span class='ocrx_word' id='word_1_306' title='bbox 398 4410 415 4450; x_wconf 89' lang='lat' dir='ltr'>a</span> <span class='ocrx_word' id='word_1_307' title='bbox 444 4385 587 4450; x_wconf 81' lang='lat' dir='ltr'>familiari</span> <span class='ocrx_word' id='word_1_308' title='bbox 615 4383 803 4461; x_wconf 89' lang='lat' dir='ltr'>Philocrate,</span> <span class='ocrx_word' id='word_1_309' title='bbox 829 4382 936 4464; x_wconf 90' lang='lat' dir='ltr'>quiin</span> <span class='ocrx_word' id='word_1_310' title='bbox 962 4381 1037 4444; x_wconf 91' lang='lat' dir='ltr'>urbe</span> <span class='ocrx_word' id='word_1_311' title='bbox 1061 4380 1155 4444; x_wconf 89' lang='lat' dir='ltr'>adest.</span> <span class='ocrx_word' id='word_1_312' title='bbox 1204 4380 1361 4463; x_wconf 82' lang='lat' dir='ltr'>Frequens</span> 
     </span>
    </p>
   </div>
   <div class='ocr_carea' id='block_1_3' title="bbox 0 0 1568 5210">
    <p class='ocr_par' dir='ltr' id='par_1_5' title="bbox 0 0 1568 5210">
     <span class='ocr_line' id='line_1_37' title="bbox 0 0 1568 5210; baseline 0 10"><span class='ocrx_word' id='word_1_313' title='bbox 0 0 1568 5210; x_wconf 95' lang='lat' dir='ltr'> </span> 
     </span>
    </p>
   </div>
  </div>
 </body>
</html>
