3126 5210
733 511 795 572 235

212 709 311 792 Gurg.
343 711 406 773 471
440 708 465 770 ’Β
495 716 523 770 et
556 708 590 770 Ο.
622 707 719 770 Time.
743 707 795 771 VI.
822 710 850 772 7.
882 709 905 768 l.
931 705 1024 788 Soph.
1051 702 1096 766 tl.
1127 702 1227 764 1302:
1252 699 1307 768 τάς

213 821 315 896 ἡδονάς
336 825 404 900 προς
420 826 470 884 σοῦ
485 819 642 896 λαβοῦσά,
659 819 728 884 κούκ
740 819 815 896 ἐμάς
828 816 1006 892 ἐκτησάμην.
1029 813 1123 878 Arist.
1135 810 1212 875 Aah.
1223 812 1307 874 uis:

213 931 355 996 σκάνθικά
375 955 422 1008 μοι
446 931 509 1004 δός,
534 929 669 1011 μκτοθθεν
693 929 871 1007 δεδεγμένος.
910 928 982 992 Hes.
1007 925 1122 1010 Theog.
1142 925 1223 986 521:
1241 921 1309 995 δῆσε

213 1043 367 1122 Προμηθέοο
399 1043 513 1119 δεσμοῖς
537 1081 582 1092 -
604 1043 691 1120 μέσον
722 1043 769 1107 διά
799 1041 865 1106 κίον’
896 1040 1028 1110 ἐλάσσονι
1061 1039 1116 1120 (=
1147 1037 1310 1101 transactis

208 1177 271 1238 per
293 1157 358 1239 -).
380 1157 461 1218 538:
494 1155 613 1232 ἔγκοιτοο
635 1193 680 1204 -
702 1156 731 1219 ἐν
761 1157 821 1234 ῥινῷ
848 1153 1007 1228 κοοτέθνκε,
1032 1149 1173 1228 κοολθψοις
1202 1143 1309 1224 γαστρὶ

214 1263 304 1344 βοάν.
341 1269 403 1331 497
417 1292 423 1329 :
445 1271 554 1346 πρῶτον
570 1266 594 1330 θ’
610 1265 755 1342 ἕξάμεσσε
771 1266 861 1341 λίθον,
878 1259 1208 1342 ituresnimium.
1231 1256 1310 1322 Xeu.

216 1373 277 1437 GP.
302 1374 345 1439 II.
371 1377 400 1440 3.
429 1377 486 1442 17:
511 1372 591 1441 εἶπεν
614 1373 656 1441 ὅτι
679 1376 806 1453 βάλλειν
825 1375 916 1448 δεήσοι
934 1370 1150 1454 άνοοιροομένονς
1167 1376 1234 1440 rare
1253 1367 1310 1444 βά-

215 1500 289 1558 λοις,
331 1487 413 1571 quod
447 1489 503 1552 etsi
531 1494 655 1572 propter
685 1487 836 1552 librorum
868 1485 1043 1548 dissensum
1079 1479 1239 1544 Dindordo
1262 1501 1311 1542 su·

215 1605 368 1680 spectum,
394 1621 448 1682 per
471 1621 503 1662 se
526 1609 607 1663 reete
623 1598 749 1664 dietum.
786 1597 863 1662 Isse.
882 1599 910 1660 2.
930 1598 948 1658 8
965 1593 1007 1660 dri
1027 1599 1121 1674 φιλῶν
1136 1589 1312 1667 άσεβάλετο

214 1707 371 1772 invenitur
399 1710 431 1773 in
456 1709 523 1773 loeo
546 1709 611 1774 siue
635 1709 841 1774 controversia
864 1715 1018 1790 corrupte.
1066 1702 1124 1766 Sed
1151 1701 1240 1786 plenu
1264 1723 1312 1764 ex·

215 1819 386 1903 emplorum
409 1822 521 1884 omniu.
561 1819 633 1900 Qua
656 1821 786 1884 maxime
811 1825 910 1903 potest
935 1815 1131 1902 participium
1155 1812 1187 1876 iu
1212 1811 1311 1874 activo

217 1930 341 2014 ponitur
372 1939 403 1992 et
434 1929 572 1995 subiecto
604 1929 861 1994 accommodatur.
894 1967 938 1978 -
969 1926 1066 1990 Paulo
1103 1931 1171 2010 post
1203 1921 1308 1986 malim

216 2043 372 2116 σοιάσοντκ
396 2063 487 2125 quem
512 2040 547 2105 άν
576 2042 757 2116 σοιάσοοντοο,
789 2039 872 2124 quod
903 2039 1048 2102 maiorem
1073 2035 1165 2100 habet
1189 2032 1310 2098 dubite-

216 2154 350 2230 tionem,
375 2174 466 2236 quam
491 2174 561 2216 cum
585 2152 645 2216 loci
668 2153 821 2216 sententia
844 2153 995 2216 convenit.

261 2266 278 2348 q
302 2266 354 2326 22.
401 2265 424 2328 εἷ
456 2263 568 2342 μάτηρ,
599 2261 616 2337 t
648 2263 766 2342 πέφυκε
790 2301 834 2312 -
858 2263 934 2344 μίκρ’
966 2258 1152 2344 ὠφελουμένη
1183 2259 1311 2336 μεγάλοι

216 2376 295 2454 ἔχειν
319 2376 452 2451 άγεῖσθοοι
477 2412 521 2422 -
544 2373 655 2454 ἐνόμιζε
678 2380 777 2440 τοῦτον
801 2373 857 2440 κάν
880 2375 940 2439 oiri
960 2373 1114 2447 τεθνεώσης
1134 2371 1230 2453 <piperi
1246 2371 1311 2434 ἑοιυ·

215 2494 284 2568 τῆς,
309 2486 340 2550 σι’
362 2488 420 2565 zei
444 2487 522 2563 ὑμάς
546 2485 609 2565 περὶ
631 2489 720 2550 κὺτοῦ
743 2486 937 2577 διοινοκθῇνκις
961 2487 1049 2562 utu
1073 2505 1135 2548 non
1157 2488 1204 2546 est
1220 2480 1309 2546 eodd.

214 2596 322 2674 tectio,
348 2605 383 2661 ut
406 2619 442 2660 ex
466 2595 576 2661 Oobeti
600 2595 734 2661 editione
758 2597 885 2676 efficias,
903 2619 959 2661 nee
975 2597 1151 2660 coniectura
1167 2593 1308 2679 Emperi,

215 2715 250 2770 ut
289 2706 364 2771 dicit
406 2706 585 2784 Schedius,
632 2707 685 2772 sed
729 2708 844 2772 Dobrei
885 2730 940 2793 pro
978 2708 1057 2785 μήδ’.
1106 2705 1193 2770 Idem
1227 2705 1307 2786 ἔχειν

214 2815 313 2894 delet,
345 2817 377 2880 in
408 2839 469 2900 quo
508 2839 564 2901 ego
603 2839 727 2903 quoque
766 2818 896 2896 offerrdi3
937 2819 1040 2904 potius
1069 2840 1161 2902 quum
1191 2816 1307 2895 μεγάλ’

214 2925 294 3006 ἔχειν
325 2939 479 3013 exspectes
510 2931 609 2994 πολλά
638 2927 820 3007 λαμβάνειν,
851 2931 900 2994 vel
923 2929 1069 3010 δέχεσθαι.
1106 2930 1183 2993 Illae
1207 2927 1306 3008 μικροά

212 3038 351 3120 ὠφέλειάν
371 3062 433 3103 non
446 3048 519 3104 sunt
530 3042 694 3121 χρήματα,
709 3063 787 3124 quae
799 3041 868 3124 quis
884 3039 966 3121 ἔχει,
979 3040 1124 3126 possidet.
1150 3039 1306 3103 Fortasse:

213 3149 290 3229 μίκρ’
310 3152 514 3231 ὠφελουμένη,
538 3152 653 3228 μεγάλ’
676 3153 778 3217 ἐκεῖν’
802 3154 944 3228 ἧγεῑσθοιι.
980 3152 1083 3216 Pauca
1098 3151 1223 3236 quidem
1239 3173 1304 3215 esse

212 3259 267 3323 illa
290 3283 368 3344 quae
392 3262 519 3346 accipit,
544 3262 674 3344 fatetur,
700 3262 768 3340 sed,
793 3264 847 3347 qui
871 3263 937 3327 eius
961 3285 1045 3327 umor
1069 3271 1115 3326 est
1138 3285 1210 3346 erga
1232 3261 1307 3325 iibe-

212 3394 282 3450 ros,
312 3395 423 3458 magne
453 3375 579 3438 iudicat.
627 3374 794 3458 Sequentia
823 3375 879 3440 κάν
908 3376 968 3440 άπὸ
999 3376 1073 3440 τεθν.
1105 3381 1171 3456 φερ.
1199 3375 1305 3448 ἑαυτῆς

213 3490 357 3567 corrupta
388 3492 478 3562 sunt;
508 3507 579 3550 nam
610 3486 705 3565 φέρειν
735 3487 797 3552 άσό
826 3509 898 3558 τινος
931 3486 1070 3551 absolute
1102 3485 1220 3550 dietum
1250 3508 1305 3570 pro

212 3597 345 3678 spoliare
366 3598 493 3678 aliquem
515 3594 728 3680 (Ruueheust.)
752 3618 815 3660 non
839 3604 886 3660 est
901 3596 1064 3660 Graecum.
1097 3596 1233 3661 Cobetus
1250 3619 1305 3680 pro

211 3704 308 3786 Φέρειν
331 3710 466 3787 άφκιρεῖν
491 3706 585 3771 dedit.
634 3707 762 3772 Memini
785 3712 922 3789 άφοιιμῖν
944 3713 1006 3774 άπό
1024 3735 1114 3785 τινος,
1136 3713 1251 3774 demere
1271 3713 1307 3774 de

212 3841 328 3882 summe
358 3823 502 3902 quadum,
534 3817 587 3883 sed
619 3842 654 3883 eu
684 3821 852 3897 sententia,
878 3843 956 3905 quae
980 3821 1037 3885 hue
1061 3822 1128 3885 loeo
1153 3828 1222 3906 apta
1246 3822 1303 3899 sit,

211 3929 364 4010 requiram
388 3930 594 4010 άφοιιιεῖσθιιι,
619 3938 649 3993 et
673 3952 710 3993 ue
727 3930 786 3994 hoe
801 3930 925 4014 quidem
941 3932 1005 3995 sine
1022 3932 1142 3996 obiecto
1156 3932 1301 4017 positum.

212 4037 364 4122 Equidem
385 4061 448 4102 non
464 4040 535 4102 novi
552 4040 655 4124 aptius
671 4062 777 4123 quum:
794 4041 904 4122 ἕνομίζε
923 4048 1022 4107 τοῦτον
1041 4043 1090 4106 uxi
1110 4042 1171 4107 άπὸ
1190 4041 1304 4106 τεθνεώ-

212 4173 263 4221 une
288 4148 390 4229 εἴργειν
413 4151 528 4225 ἑοιιιτῆς.
575 4149 712 4230 Νομίζειν
735 4160 770 4214 ut
793 4149 897 4216 οἵεσθοιι
921 4160 952 4216 et
975 4153 1074 4217 simui.
1099 4161 1145 4218 est
1161 4177 1303 4238 aequum,

213 4283 374 4343 eoupruum
394 4270 513 4347 putare.
552 4262 598 4326 Of.
628 4263 745 4328 Buttm.
776 4263 849 4328 Exe.
865 4263 900 4328 V.
927 4266 964 4328 ad
990 4267 1077 4330 Dem.
1102 4266 1198 4343 Mid.‚
1223 4265 1303 4330 Plat.

213 4371 296 4434 Prot.
322 4375 397 4437 346.
423 4373 467 4448 Β,
492 4373 574 4437 Crat.
600 4376 676 4437 413.
702 4375 748 4452 D,
774 4375 852 4439 Xen.
874 4376 956 4440 Heli.
974 4377 1029 4440 IV.
1050 4380 1078 4442 7.
1096 4380 1134 4455 t,
1153 4377 1191 4442 V.
1208 4381 1235 4441 l.
1254 4381 1303 4442 15.

214 4481 306 4548 Hune
331 4505 348 4545 a
372 4504 497 4572 corpore
521 4506 577 4548 suo
602 4505 701 4550 eruere
725 4485 839 4566 voluit,
864 4487 955 4552 etium
980 4493 1211 4575 postmortem.
1255 4491 1304 4559 Ad
