3128 5208
833 463 875 526 26

317 683 412 746 puero
434 683 529 746 quum
553 665 740 731 commodius
763 674 842 732 esset
864 667 979 748 visum,
1002 668 1087 736 illam
1106 678 1200 735 noctu
1216 676 1246 733 et
1260 668 1396 734 interdiu

317 773 356 836 in*
376 772 517 838 inferiore
543 797 624 855 esse,
656 779 784 844 maritus
807 780 835 843 ei
857 787 973 865 partem
996 781 1168 846 inferiorem
1190 778 1395 846 andronitidis

316 885 514 965 concedebat,
537 897 574 952 ut
591 889 657 976 ipse
672 897 767 956 totam
783 899 899 956 teneret
914 893 1099 978 superiorem
1115 893 1394 979 contignationem,

314 995 486 1064 interiorem
509 990 617 1064 domus
639 1007 755 1085 partem
779 1023 864 1066 uxor.
911 1001 961 1067 Ita
983 1003 1201 1089 interpretetur
1224 1003 1308 1068 locus
1331 1021 1397 1066 non

315 1118 432 1192 pugnat
454 1130 525 1173 cum
548 1109 615 1174 aliis
639 1110 759 1178 aedium
782 1114 968 1199 privatarum
991 1114 1256 1200 descriptionibus.
1293 1113 1398 1198 Vulgo

315 1218 359 1282 sic
381 1219 483 1284 locum
506 1221 675 1307 explicant,
700 1233 736 1289 nt
758 1234 829 1291 aute
850 1226 986 1292 molieris
1008 1235 1128 1312 partum
1144 1228 1190 1292 vir
1205 1225 1397 1302 inferiorem,

314 1329 424 1396 mulier
446 1334 631 1418 superiorem
654 1343 734 1400 totas
757 1337 929 1416 teuueriut;
954 1337 1078 1402 aliunde
1101 1359 1171 1402 vero
1187 1337 1260 1402 satis
1276 1341 1398 1400 constat

314 1445 477 1512 muliemm
507 1448 648 1512 conclave
678 1447 772 1512 fuisse
801 1449 835 1513 iu
865 1450 990 1534 posticis
1020 1449 1142 1514 aedium
1173 1447 1327 1534 partibus,
1355 1445 1395 1509 ad

316 1580 392 1644 quas
414 1559 516 1624 aditus
539 1581 592 1646 per
613 1561 759 1636 μέταυλον
781 1561 865 1642 θύραν
887 1561 1071 1626 interclusus
1091 1569 1179 1626 esset.
1204 1559 1288 1624 llaec
1302 1558 1395 1622 ianua

314 1671 393 1736 intra
415 1673 432 1757 d
457 1673 494 1736 17
520 1679 790 1749 commemoratur,
815 1671 868 1736 ubi
891 1671 1107 1737 Eratosthenes
1130 1695 1184 1759 per
1199 1673 1393 1749 μὲπανλινθι
1503 1715 1509 1730 .

314 1782 553 1871 gynaeconitidis
574 1782 716 1848 inferiore
739 1790 841 1868 parte,
866 1790 897 1848 et
919 1783 993 1868 hinc
1013 1805 1067 1868 per
1089 1784 1203 1848 αὔλειον
1217 1783 1298 1874 foras
1314 1801 1395 1866 ogre

315 1896 408 1961 ditur.
444 1895 535 1960 Fores
552 1903 708 1980 crepantes
724 1894 810 1960 audit
824 1892 1009 1978 Euphiletus
1025 1892 1063 1958 de
1079 1893 1222 1958 cubiculo
1238 1891 1395 1976 (δωματίῳ)

316 2007 480 2094 superiori,
512 2029 574 2092 quo
600 2007 638 2071 ab
660 2029 755 2072 uxore
777 2022 831 2092 pet·
853 2006 953 2071 iocum
977 2005 1095 2072 scilicet
1117 2006 1255 2071 inclusus
1279 2005 1394 2081 fuerat,

246 2147 247 2150 ¹
316 2129 347 2184 et
369 2119 401 2183 in
424 2141 486 2203 quo
508 2118 627 2183 coenati
649 2125 736 2182 erant
759 2118 788 2202 (p
814 2118 852 2180 ll
877 2116 948 2181 eoll.
973 2119 1039 2200 22).
1086 2116 1163 2181 lude
1192 2118 1297 2182 avire
1320 2137 1397 2180 uror

316 2230 497 2295 descendere
531 2225 655 2294 iubetur
685 2235 721 2293 ut
750 2249 913 2292 mammam
943 2250 1037 2313 puero
1065 2228 1217 2314 praebeat.
1260 2230 1396 2314 Apparet

316 2349 419 2407 autem
443 2364 458 2405 e
481 2340 597 2405 verbis:
622 2339 764 2410 uetadun
788 2342 805 2415 ἡ
828 2340 902 2416 γυνὴ
925 2341 1013 2422 ἀπῄει
1036 2340 1116 2404 κατα
1132 2341 1344 2416 καθευδήσουσα
1358 2341 1395 2412 ὡς

314 2452 348 2518 τὸ
369 2451 480 2517 παιδίαν
505 2459 576 2536 post
597 2451 694 2536 prima
716 2448 868 2535 puerperii
891 2457 1028 2534 tempora
1050 2449 1160 2516 bonam
1184 2451 1300 2517 scilicet
1322 2472 1395 2515 uxo·

315 2585 377 2628 rem
401 2583 489 2646 saepe
512 2561 544 2624 iu
567 2561 751 2647 superiorem
775 2568 892 2645 partem
908 2583 976 2624 cum
992 2561 1121 2646 coniuge
1137 2561 1274 2628 cubitum
1290 2562 1395 2640 ivisse,

315 2673 399 2758 quod
421 2673 546 2738 minime
568 2678 687 2757 pugnat
709 2693 779 2735 oum
802 2671 864 2735 iflis
886 2669 931 2736 ἵνα
950 2673 981 2736 δὲ
998 2675 1040 2749 αὴ
1059 2711 1103 2722 -
1121 2674 1396 2757 κινδυνεύματα

315 2793 368 2861 τῆς
390 2784 534 2862 κλίμακος
557 2777 796 2862 καταβαίνουσα,
819 2785 877 2862 ἐγὼ
900 2786 954 2861 μὲν
977 2784 1035 2850 ἄνω
1057 2786 1216 2868 διῃτώμην,
1238 2788 1269 2850 αἱ
1293 2786 1321 2850 δὲ
1343 2810 1398 2864 yo-

316 2903 412 2972 ναῖκες
442 2894 540 2971 nahra,
571 2917 649 2980 qnae
680 2895 839 2960 manifesto
870 2895 1074 2981 intellegenda
1105 2911 1178 2966 seut
1201 2897 1239 2960 de
1263 2896 1398 2983 periculo

315 3006 399 3093 quod
426 3006 539 3072 recenti
571 3013 659 3092 partu
689 3007 866 3072 incurrisset
896 3007 1017 3074 femina,
1048 3047 1093 3058 —
1123 3007 1161 3072 Iu
1190 3009 1286 3074 verbis
1309 3031 1328 3073 a
1349 3031 1398 3072 me

313 3119 427 3184 notatis
450 3118 551 3196 solus,
576 3124 725 3203 quantum
748 3119 829 3198 scio,
845 3119 943 3184 haesit
959 3120 1132 3205 hogerius,
1147 3119 1310 3196 comiciens
1326 3118 1396 3183 riae

312 3234 364 3307 τὴν
386 3256 451 3309 pov.
475 3230 525 3295 καὶ
548 3232 644 3296 arluco
667 3255 696 3298 π.
720 3231 887 3313 ἀνδρωνῖτιν.
949 3217 950 3220 ¹

357 3345 449 3428 ild.
496 3341 633 3426 Speciem
663 3341 755 3408 hahet
785 3342 865 3426 quod
897 3343 1007 3409 statuit
1038 3341 1233 3406 Halbartsma
1256 3342 1287 3406 in
1311 3339 1396 3406 Mue-

314 3477 438 3540 mosyne
462 3453 526 3533 XI,
551 3477 580 3539 p.
606 3457 687 3532 207,
712 3454 860 3520 elicienda
882 3477 946 3520 esse
970 3453 1061 3520 verba
1084 3458 1101 3530 ἡ
1123 3452 1283 3533 ἄνθρωπος,
1305 3451 1396 3522 otle-

315 3574 422 3651 gatur:
454 3565 632 3646 πριςελθοῦσ’
662 3561 708 3630 οὖν
734 3590 799 3646 rect,
822 3567 915 3644 ἐγγὺς
937 3575 990 3641 τῆς
1018 3567 1108 3638 οἰκίας
1130 3574 1182 3642 τῆς
1205 3567 1277 3646 ipae
1300 3565 1397 3636 ἐπιπη-

313 3684 417 3759 ριῦπα,
451 3676 620 3758 Εὐφίληπε,
649 3676 706 3758 ἔφη
738 3701 766 3744 ιι.
797 3703 826 3744 π.
856 3678 899 3755 ἑ.;
932 3676 1015 3762 quod
1045 3698 1115 3740 vero
1146 3675 1227 3742 idem
1257 3695 1398 3761 praesens

271 3841 275 3847 .
314 3791 488 3870 ἐπιτηροῦσα
510 3787 676 3872 improbat,
701 3788 774 3854 satis
797 3788 907 3874 opinor
929 3787 962 3853 id
984 3786 1161 3856 defenditur
1175 3789 1192 3873 p
1208 3789 1245 3850 8:
1262 3787 1398 3866 ἕπιπιρρῶν

313 3902 373 3978 γὰρ
398 3901 452 3973 riv
474 3899 647 3981 separaum
670 3937 715 3949 -
738 3900 786 3964 καὶ
810 3899 915 3978 λόγους
939 3897 1099 3981 πρρςφέρων
1126 3900 1277 3964 ἀπώλεσεν
1299 3899 1400 3970 αὑτήν,

357 4014 375 4098 d
403 4013 456 4074 21.
502 4010 656 4076 Ancillam
691 4011 723 4076 iu
755 4011 854 4075 forum
887 4010 1048 4076 seduxerat
1078 4009 1280 4095 Euphiletus,
1312 4008 1401 4092 eique

315 4123 530 4208 impunitatem
553 4123 750 4208 promiserat,
773 4123 800 4188 ai
822 4122 924 4191 omnia
939 4143 1008 4188 rere
1023 4121 1187 4192 iudicasset
1194 4146 1204 4198 3
1221 4117 1400 4188 deiudeilla
1446 4143 1448 4147 ’

228 4249 236 4278 ⁰
315 4233 400 4298 dicto
429 4234 556 4301 audiens
579 4242 642 4312 est,
666 4241 734 4299 tum
756 4232 881 4318 Lysiam
906 4233 1002 4307 ἐπειδὴ
1025 4232 1055 4296 δὲ
1078 4232 1195 4305 πάντα,
1218 4229 1336 4313 inquit,
1360 4228 1398 4294 εἵ-

314 4369 380 4427 pne-o
411 4348 504 4426 αὐτῇ,
538 4340 615 4410 εἶπον
646 4345 720 4422 ἐγώ·
751 4340 851 4422 ,ὅπως
879 4345 971 4410 roiate
1000 4349 1100 4408 ταῦτα
1130 4341 1228 4418 μηδεὶς
1250 4341 1398 4422 ἀνθρώπων

314 4457 473 4523 πεύσεται·
498 4459 521 4522 εἰ
544 4455 573 4524 δὲ
594 4458 656 4536 μή,
678 4455 755 4522 otte
777 4479 819 4522 cor
842 4457 931 4538 κύριον
954 4455 1036 4520 ἔσται
1059 4461 1114 4520 τῶν
1136 4455 1204 4535 πρὸς
1223 4453 1270 4529 ἔρι’
1288 4453 1395 4532 ὡμολο-
