3128 5208
323 655 446 714 ornatus
475 651 627 731 defectus,
658 652 749 718 simul
779 652 924 718 subtilitas
955 653 1017 716 sive
1048 659 1135 718 acuta
1161 651 1401 729 demonstrati03

322 760 452 847 denique
482 765 613 828 brevitas.
662 764 775 828 Tenuis
804 770 906 828 orator
928 785 1035 849 pareus
1058 771 1104 828 est
1127 763 1241 841 verbis,
1265 771 1295 827 et
1317 763 1404 827 inor·

250 855 254 864 ’
321 881 429 950 natus,
453 875 608 940 sedidem
631 898 722 940 sanus
745 898 779 940 ac
802 874 938 954 sobrius,
963 875 1102 954 subtilis,
1126 885 1241 952 tersus,
1261 875 1401 959 elegans,

322 984 439 1049 cavebit
470 1008 487 1050 a
516 987 685 1053 ieiunitate.
732 986 825 1068 Quod
856 987 883 1052 si
906 1010 923 1050 a
945 987 1074 1072 potiori,
1098 996 1134 1050 ut
1157 987 1259 1066 aiunt,
1282 1009 1329 1051 res
1354 987 1405 1050 iu-

321 1094 451 1160 dicanda
480 1103 541 1175 est,
574 1097 681 1183 Lysias
713 1098 751 1162 ad
781 1098 839 1162 hoc
867 1121 964 1184 genus
987 1097 1099 1182 optime
1122 1098 1284 1176 referetur,
1308 1097 1405 1162 modo

321 1229 359 1270 ua
393 1209 541 1274 tenuitate
575 1210 695 1275 excludi
730 1211 807 1276 vires
840 1211 871 1274 iu
907 1211 1034 1274 dicendo
1063 1219 1159 1295 putes.
1206 1211 1297 1276 Recte
1319 1211 1406 1274 enim

321 1317 468 1384 iudicavit
490 1319 595 1386 Cicero
619 1322 649 1385 in
673 1322 771 1386 Bruto
794 1344 820 1386 o.
845 1324 904 1385 31:
928 1322 983 1401 „iu
1002 1321 1095 1406 Lysia
1114 1344 1201 1406 saepe
1217 1332 1290 1387 sunt
1307 1323 1404 1386 etiam

321 1430 448 1508 „lacerti
471 1432 514 1496 sic
536 1439 572 1496 ut
590 1433 655 1497 fieri
674 1434 771 1518 possit
788 1433 867 1498 nihil
887 1433 1068 1498 valentius.''
1091 1432 1296 1499 Veruntamen
1314 1433 1402 1519 quod

320 1541 437 1606 roboris
459 1544 538 1608 inest
561 1545 593 1608 in
616 1544 674 1608 hoo
696 1567 805 1630 genere
828 1546 1035 1631 eloquentiae,
1060 1568 1121 1609 non
1144 1545 1344 1632 proficiscitur
1362 1569 1402 1609 ex

320 1654 498 1720 tractatione
529 1655 580 1719 sed
604 1679 640 1721 ex
663 1657 730 1742 ipso
754 1666 948 1742 argument03
972 1680 1034 1722 uon
1058 1665 1189 1722 sectatur
1211 1657 1311 1722 tenuis
1334 1679 1404 1720 ora-

321 1773 369 1830 tor
396 1788 501 1851 graves
532 1766 772 1852 ponderosasque
803 1769 984 1846 sententias,
1016 1790 1076 1832 non
1111 1770 1227 1833 animos
1257 1776 1403 1854 potenter

321 1877 522 1942 commovebit
544 1878 736 1944 miseratione
759 1887 788 1942 et
812 1879 1055 1964 perturbatione3
1076 1879 1129 1944 sed
1145 1877 1403 1964 quamadmodum

322 1990 375 2054 alii
404 1989 571 2075 grandibus
601 1991 706 2056 verbis
730 1991 885 2082 imponere
906 1992 1005 2056 solent
1027 1990 1155 2055 subinde
1178 1998 1209 2055 et
1232 1991 1326 2056 aciem
1348 2013 1404 2054 au-

322 2102 455 2166 ditorum
477 2103 781 2188 praestringere,=sic
804 2102 856 2167 ille
881 2125 933 2188 per
955 2067 1092 2188 vulgaria
1114 2102 1205 2170 verba
1228 2101 1265 2165 ad
1282 2101 1403 2166 animos

322 2213 496 2278 auditorum
518 2215 647 2298 arrepit;
672 2214 834 2298 persuadet
856 2236 918 2280 uon
941 2214 1086 2280 incendit.
1132 2213 1273 2278 Flumine
1296 2211 1403 2276 verbo·

269 2407 274 2419 ·
321 2347 390 2388 rum
417 2325 529 2408 abripit
560 2323 778 2388 Demosthenes
804 2333 930 2403 '‚‚m0nte
959 2324 1122 2389 decurrens
1151 2325 1236 2388 velut
1264 2324 1360 2388 amuis
1370 2321 1404 2400 ;”

322 2435 430 2521 Lysias
458 2436 566 2500 leniter
595 2435 753 2513 allabitur,
785 2435 898 2522 placidi
926 2443 956 2500 et
978 2436 1074 2520 quieti
1097 2436 1188 2500 rivuli
1210 2437 1321 2511 instar,
1346 2433 1402 2518 qui

322 2569 389 2610 raro
417 2547 528 2611 fluctus
557 2554 667 2612 movet.
713 2547 880 2612 Sanitatem
914 2557 944 2612 et
977 2547 1170 2612 sobrietatem
1203 2548 1337 2612 Atticam
1368 2548 1403 2611 in

322 2666 452 2744 utroque
475 2681 633 2744 agnoscas,
658 2658 711 2724 sed
734 2659 939 2724 vehementior
955 2669 1001 2724 est
1015 2659 1252 2736 Demosthenes,
1270 2658 1405 2743 quietior

322 2769 441 2854 Lysias.
487 2769 529 2833 Et
558 2771 702 2856 quoniam
725 2778 920 2856 argumenta,
945 2794 1022 2857 quae
1050 2772 1099 2834 hic
1126 2770 1293 2848 tractabat,
1317 2777 1406 2834 erant

321 2881 465 2966 pleraque
487 2881 582 2958 levia,
607 2889 637 2946 et
660 2890 729 2967 apte
736 2931 746 2960 ,
770 2881 803 2944 id
820 2890 865 2946 est
880 2881 918 2946 de
933 2881 1077 2946 tenuibus
1093 2881 1225 2946 tenuiter
1241 2880 1341 2944 dicore
1356 2861 1416 2942 so?

320 2984 420 3069 lebat,
445 2992 557 3055 sensim
580 2993 645 3055 eius
669 2993 765 3056 oratio
788 2992 878 3056 illum
900 2993 1033 3057 colorem
1055 2993 1188 3088 accepit,
1209 2999 1249 3055 ut
1272 2991 1310 3054 ad
1333 2991 1405 3054 sim·

321 3102 505 3188 plicitatem,
541 3103 666 3168 nimiam
699 3102 846 3182 subinde,
887 3105 919 3169 in
954 3105 1060 3190 quovis
1095 3111 1271 3189 argumento
1305 3103 1404 3186 magis

322 3213 464 3299 proclivis
495 3221 574 3278 esset
604 3236 695 3299 qnam
724 3215 762 3279 ad
794 3215 1013 3280 vehementiam
1041 3224 1071 3280 et
1098 3215 1246 3300 impetum
1268 3213 1402 3277 dicendi.

323 3325 428 3406 „Quia
456 3333 486 3389 et
512 3327 644 3411 privatas
666 3326 718 3390 ille
741 3327 920 3412 plerasque,
945 3335 975 3391 et
998 3350 1048 3391 aas
1071 3325 1257 3420 ipsas'aliis‚
1282 3332 1312 3388 et
1334 3347 1402 3409 par·

322 3460 450 3517 „varum
472 3460 573 3502 rerum
596 3438 734 3502 causulas
758 3440 896 3524 scripsit,
921 3438 1042 3503 videtur
1069 3461 1132 3503 esse
1159 3438 1305 3515 ieiunius,
1330 3459 1401 3500 cum

322 3573 377 3628 „se
400 3550 466 3635 ipse
488 3550 628 3613 consulto
652 3550 690 3614 ad
712 3551 899 3615 minutarum
923 3573 1082 3614 causarum
1105 3555 1214 3636 genera
1230 3547 1401 3614 limaverlt''

322 3660 398 3746 (oio.
423 3660 461 3724 de
484 3669 546 3745 opt.
571 3683 639 3746 gen.
664 3682 707 3725 or.
730 3663 747 3746 q
770 3663 812 3746 9).

367 3771 476 3856 Neque
505 3771 746 3836 obliviscendum
777 3780 823 3836 est
853 3781 987 3857 quantus
1015 3774 1106 3837 fuerit
1128 3795 1271 3837 uumerus
1294 3771 1403 3835 oratio·
1473 3851 1474 3855 Ἰ
1547 3799 1548 3830 r

323 3907 398 3948 num
420 3882 633 3968 Lysieearum3
658 3893 772 3948 veteres
796 3884 928 3970 amplius
951 3884 1096 3949 ducentas
1119 3907 1275 3969 germanas
1289 3882 1403 3946 iudica·

324 3995 398 4060 bant
403 4021 412 4072 ;
436 3994 489 4059 sed
512 4003 667 4079 praeterea
680 3995 750 4084 ,iam
773 3995 846 4059 olim
861 3995 979 4081 aliquot
994 3997 1145 4060 interiisse
1160 3996 1233 4059 satis
1249 3993 1401 4058 credibile.

323 4106 372 4170 Ne
403 4107 429 4170 si
460 4113 635 4191 argumenta
651 4106 784 4190 quidem
807 4107 944 4192 graviora
965 4107 1112 4184 luissent,
1136 4107 1170 4170 in
1192 4105 1332 4170 omnibus
1356 4126 1401 4166 or·

323 4224 414 4282 natus
430 4225 459 4281 et
476 4216 667 4281 vehementes
683 4218 776 4281 animi
791 4226 893 4282 motus
909 4217 1074 4303 exspectari
1086 4215 1271 4302 potuissent3
1288 4221 1401 4299 quanto

323 4329 424 4393 minus
452 4329 571 4413 potuit,
595 4352 691 4413 quum
714 4351 820 4394 causae
843 4329 882 4393 ad
905 4352 975 4394 eum
998 4328 1115 4392 delatae
1138 4327 1297 4412 pleraeque
1320 4325 1400 4389 leves

324 4452 424 4508 essent
454 4443 600 4526 (causatus
622 4440 756 4526 appellat
779 4439 906 4526 Cicero).
944 4440 1074 4504 Etiamsi
1095 4459 1158 4502 non
1180 4436 1295 4502 iudicio
1316 4436 1401 4500 illam
