3128 5208
799 477 843 540 54

276 685 377 742 essent
408 677 593 756 efficaciora3
623 701 693 742 nam
721 677 776 742 illa
797 679 861 758 περὶ
884 683 940 743 τῶν
963 678 1121 757 ἀλλοτρίων
1144 677 1370 759 ἁμαρτημάτων

276 789 366 874 plane
390 797 464 854 sunt
486 811 721 873 supervacanea.
768 789 873 854 Simile
895 797 943 854 est
965 792 982 876 t
1007 793 1022 856 7
1049 789 1148 871 ἑτέρων
1166 791 1369 872 ἐκκοψάντων,

275 903 308 967 iu
332 922 392 985 quo
417 902 517 966 haesit
533 902 739 968 Helbertsmaz
775 901 842 968 lmo
859 912 925 966 tota
941 902 995 966 illa
1010 902 1231 968 demonstratio
1247 904 1265 986 t
1282 903 1369 964 6-8

277 1014 401 1078 minime
425 1019 490 1076 erat
512 1014 698 1090 necessaria,
724 1027 820 1098 quum
843 1021 997 1078 constaret
1013 1021 1189 1078 accusatum
1211 1035 1319 1099 agrum
1336 1013 1371 1076 in

277 1125 357 1190 bello
388 1147 450 1190 non
481 1125 663 1210 possedisse.
710 1125 757 1190 De
780 1124 879 1190 verbis
902 1129 933 1191 οὐ
957 1127 1017 1204 γὰρ
1039 1121 1094 1191 οίίν
1116 1150 1168 1200 πε,
1192 1123 1214 1190 t
1237 1124 1371 1205 πρότερον

276 1240 319 1316 μὴ
342 1231 392 1320 ἦν,
421 1241 522 1301 ταῦτα
545 1237 594 1300 τὸν
618 1234 730 1316 ὕστερον
753 1235 943 1318 ἐργαζόμενον
964 1237 1119 1318 νίφανίζειι
1144 1239 1173 1320 (ξ
1197 1237 1249 1319 11)
1278 1257 1372 1319 supra

277 1348 429 1414 monitum
452 1356 515 1440 est,
540 1347 616 1410 talia
638 1356 727 1426 sunt,
751 1355 787 1412 ut
810 1370 849 1412 ne
872 1369 949 1433 puer
973 1347 1098 1432 quidem
1121 1347 1196 1411 haec
1210 1345 1370 1410 docendus

278 1483 342 1525 esse
373 1459 523 1523 videatur.
570 1458 630 1522 Sed
660 1466 731 1543 apta
763 1467 836 1522 sunt
863 1459 977 1524 rationi
1000 1458 1187 1523 defensionis
1209 1456 1373 1542 Lysiacae.

278 1569 396 1636 Callide
419 1577 575 1654 praetexta
597 1577 645 1632 est
667 1568 721 1632 illc
745 1591 840 1654 paene
864 1569 991 1655 puerilis
1007 1570 1186 1655 simplicitas
1202 1578 1233 1634 et
1250 1576 1373 1634 acutam

279 1682 574 1769 argumentationem
603 1701 666 1746 non
689 1680 836 1744 excludit.
883 1680 972 1764 dict
1000 1683 1036 1745 17
1063 1680 1251 1746 demonstret
1275 1679 1372 1744 stulte

279 1818 311 1859 se
342 1802 483 1858 acturum
514 1792 608 1856 fuisse
640 1799 783 1856 truncum
814 1791 1020 1870 excidentem,
1045 1792 1129 1877 quod
1151 1792 1259 1858 multis
1283 1771 1403 1856 antea¹

279 1905 410 1970 fundum
433 1902 595 1981 elucescet,
620 1903 674 1988 qui
696 1911 790 1968 testes
813 1909 916 1967 esseut
937 1903 1052 1980 futuri,
1077 1903 1171 1967 hrisse
1193 1903 1268 1967 olim
1288 1912 1373 1968 trun-

277 2039 349 2082 cum
371 2015 455 2080 oleae
477 2015 510 2080 in
534 2036 625 2098 agro,
643 2021 674 2078 et
689 2036 819 2100 quorum
839 2015 999 2080 interesset
1013 2015 1220 2082 demonstrare
1236 2040 1268 2080 se
1288 2023 1373 2080 trun·

279 2151 351 2196 cum
374 2125 609 2192 succedentibus
629 2125 868 2204 conductoribus
884 2126 1046 2194 tradidisse
1054 2154 1064 2206 3
1080 2149 1170 2202 nemo
1187 2151 1223 2192 ex
1239 2128 1278 2202 iis
1293 2127 1371 2192 falso

280 2240 419 2305 dicturus
443 2246 521 2315 erat,
547 2259 578 2302 se
602 2236 734 2301 fundum
750 2237 823 2302 sino
846 2245 956 2303 trunco
979 2239 1148 2324 accepisse,
1166 2240 1313 2323 quoniam
1327 2240 1371 2303 sic

280 2352 340 2418 sibi
370 2351 436 2436 ipsc
469 2348 640 2434 periculum
671 2357 735 2412 crat
767 2359 940 2434 paraturus.
995 2350 1136 2418 Sectione
1177 2354 1216 2414 12
1249 2350 1371 2416 dicens²

187 2487 189 2492 ·
281 2484 365 2528 nunc
388 2461 478 2526 velim
502 2459 606 2538 vobis,
632 2459 766 2539 iudices,
788 2461 920 2546 prudens
936 2462 1050 2538 videri,
1068 2462 1152 2547 quod
1168 2462 1247 2528 illud
1263 2485 1374 2529 causae

282 2573 445 2651 conducit,
478 2571 667 2638 demonstrat
689 2573 764 2657 ipsis
787 2572 850 2640 illis
873 2573 990 2650 verbis,
1015 2596 1132 2638 senon
1156 2597 1221 2640 esse
1244 2573 1374 2640 bardum

283 2708 340 2750 nec
371 2682 540 2769 stupidum
586 2682 759 2760 Potuisses,
784 2683 887 2769 inquit
908 2685 926 2769 t
950 2686 1010 2761 21,
1038 2706 1181 2769 magnam
1204 2684 1262 2750 tibi
1286 2707 1304 2748 a
1326 2705 1374 2755 me

284 2818 388 2882 parare
412 2795 586 2879 pecuniam,
613 2793 638 2857 si
662 2815 718 2878 ego
743 2801 805 2857 tam
829 2795 990 2858 manifesto
1004 2817 1193 2882 peccassem3
1209 2817 1271 2860 non
1292 2794 1373 2859 enim

283 2931 339 2994 ego
362 2927 566 2981 recusassem,
592 2903 645 2970 sed
669 2913 699 2968 te
722 2905 853 2990 pecunia
875 2904 979 2970 oblata
1002 2905 1177 2991 placassem.

327 3019 366 3084 Iu
393 3019 460 3104 ipsc
489 3039 582 3080 causa
612 3023 682 3102 post
713 3038 747 3080 ea
772 3038 849 3101 quae
876 3015 1018 3090 Bremius
1042 3025 1073 3081 et
1095 3015 1372 3082 Rauchcnsteinius

284 3136 489 3208 monuerunt,
520 3129 600 3194 nihil
631 3128 755 3194 obscuri
783 3136 839 3194 est.
883 3128 1069 3196 Addendum
1100 3136 1222 3194 tantum
1252 3128 1374 3193 videtur

285 3241 525 3319 Nicomachum,
550 3242 605 3327 qui
627 3241 677 3307 hic
697 3247 856 3306 accusator
871 3249 934 3320 est,
951 3263 1014 3306 nou
1030 3263 1095 3306 esse
1111 3240 1216 3319 illum,
1234 3241 1267 3304 iu
1283 3261 1374 3325 quem

285 3354 440 3420 tricesima
462 3353 576 3438 scripta
598 3360 644 3418 est
667 3353 782 3432 orati03
807 3353 858 3418 hic
881 3353 963 3418 enim
985 3353 1046 3417 ism
1060 3352 1178 3438 aliquot
1199 3352 1287 3416 annis
1304 3358 1374 3416 ante

237 3535 240 3540 ,
287 3466 413 3552 triginta
445 3465 524 3528 viros
554 3476 680 3530 munere
710 3464 835 3550 publico
858 3464 984 3529 functus
1008 3471 1089 3542 erat3
1115 3465 1224 3548 quiin
1247 3463 1376 3548 septima

286 3587 333 3642 est
353 3585 511 3640 accusator
533 3577 584 3640 οὐκ
605 3571 685 3656 εἶχεν
709 3576 823 3652 ἡλικίαν
845 3575 946 3642 εἰδέναι
969 3575 1032 3657 περί
1055 3583 1111 3641 τῶν
1133 3575 1264 3662 παοιίπονν
1277 3577 1306 3660 (d
1318 3577 1374 3657 29)

286 3690 306 3754 i.
339 3712 364 3752 e.
401 3687 439 3751 de
474 3687 511 3752 iis
540 3708 618 3772 quae
641 3683 776 3753 Suniade
807 3687 952 3752 archonte
980 3689 1019 3769 (a.
1040 3689 1119 3769 397)
1154 3686 1234 3750 facta
1271 3691 1374 3764 eraut,

287 3801 325 3870 cl.
349 3801 366 3886 d
393 3801 443 3862 ll.

329 3913 346 3998 d
372 3913 399 3974 l.
445 3905 532 3980 οὕτως
559 3908 774 3988 απροςδοκιίποις
806 3909 914 3980 αίπίαις
944 3909 993 3974 καί
1024 3914 1150 3988 πονηροῖς
1173 3905 1373 3988 ονιιοφνίνπαις

286 4021 504 4102 περιπέπτωκα.
527 4018 707 4106 Legendum
719 4042 789 4086 cum
802 4021 938 4106 Augerio
951 4019 999 4086 καί
1009 4027 1141 4100 πονιρραίς
1154 4019 1374 4096 συκοφαντίας.

332 4135 401 4220 §da
448 4131 504 4198 Καί
539 4112 593 4196 ert'
609 4156 649 4208 ριε
680 4131 742 4210 περί
772 4127 808 4195 ὧν
825 4128 919 4212 οὗτος
950 4131 1198 4209 ἐπιβεβουλευκὼς
1226 4127 1285 4204 ἥκει
1318 4127 1373 4206 ἅμ’
1436 4191 1439 4198 ,

288 4251 354 4328 ὑμῖν
384 4253 442 4316 τοῖς
473 4244 707 4322 διαγνωσομένοις
739 4243 800 4322 περὶ
831 4249 881 4309 τοῦ
912 4244 1091 4324 προίναατος
1123 4241 1292 4307 ακούσαντα
1323 4219 1373 4306 aa)

288 4359 350 4441 περί
382 4366 434 4432 τῆς
466 4355 598 4436 πατρίδος
630 4355 679 4418 καί
710 4354 773 4435 περὶ
801 4364 854 4430 τῆς
884 4355 982 4426 οὐσίας
1009 4353 1219 4431 ἀγωνίσασθαι.
1263 4350 1314 4414 Ita
1337 4374 1372 4416 ex

288 4470 463 4536 coniectura
491 4465 608 4552 Sauppi
636 4470 695 4551 (ep.
720 4465 787 4530 crit.
811 4464 850 4530 ad
874 4464 912 4530 G.
937 4463 1042 4530 Herm.
1067 4487 1097 4552 p.
1124 4465 1176 4551 12)
1200 4463 1301 4531 locum
1324 4463 1374 4530 de·
