3074 5210
818 486 878 548 108

349 687 441 774 442.
486 693 545 759 τοῖς
568 686 592 751 δ’
614 684 832 767 {attereretur
855 683 1148 762 eustermonat.
1192 685 1277 750 Haec
1300 707 1397 771 quor-

305 819 374 862 sum
403 803 542 884 spectent
572 804 698 885 apparet
721 819 758 862 ex
780 796 888 881 fragm.
912 795 1057 860 orationis
1081 796 1113 859 iu
1136 795 1204 860 Alo.
1228 796 1266 861 de
1289 795 1397 862 Domo

241 983 244 988 ¹
305 911 354 995 (4,
377 908 510 994 Scheib.)
533 931 581 996 ap.
606 907 718 973 Athen.
742 906 818 972 XII.
844 909 908 971 534
932 905 966 970 P.
1000 905 1142 972 Proxime
1163 908 1319 993 superiora
1335 931 1398 995 per

305 1020 427 1087 dairaco
449 1019 548 1106 posita
572 1024 654 1084 runt.
689 1016 736 1082 Oi.
761 1038 854 1102 supra
876 1015 916 1081 ad
939 1018 991 1081 28.

349 1130 432 1196 Male
455 1129 545 1215 vulgo
565 1129 740 1194 existimant
755 1125 945 1193 Alcibiadem
960 1126 1064 1206 illum,
1082 1126 1115 1191 in
1132 1149 1223 1212 quem
1240 1128 1314 1193 haee
1326 1150 1400 1194 ora·

304 1241 349 1306 tio
372 1241 539 1328 composita
562 1240 620 1319 sit,
645 1238 775 1304 eundem
795 1261 877 1317 esse,
899 1237 1004 1322 quiin
1024 1237 1169 1303 Isocratis
1192 1239 1329 1304 oratione
1353 1236 1399 1305 de

304 1351 391 1438 Bigis
415 1353 470 1438 (or.
494 1353 547 1437 16)
570 1351 674 1416 dicens
697 1349 871 1415 inducatur.
907 1347 997 1413 Illam
1018 1349 1100 1414 enim
1119 1371 1241 1414 causam
1256 1351 1310 1435 qui
1325 1373 1401 1415 ora·

306 1463 351 1527 vit
372 1469 462 1528 natus
486 1469 533 1526 est
555 1484 636 1527 anno
659 1463 735 1526 415.
782 1459 829 1525 Oi.
853 1458 948 1524 Isocr.
973 1459 994 1524 l.
1019 1459 1039 1524 l.
1057 1461 1117 1524 45:
1137 1460 1217 1534 εὐθὺς
1237 1461 1400 1540 γενόμενος

304 1575 425 1657 ὀρφανὸς
448 1572 643 1658 κατελείφθην
666 1579 717 1639 τοῦ
741 1573 795 1649 μὲν
818 1572 927 1654 πατρὸς
951 1571 1098 1654 φυγόντος
1122 1573 1161 1657 (a.
1185 1573 1262 1657 415)
1287 1579 1340 1647 τῆς
1362 1571 1400 1636 δὲ

304 1684 411 1767 μητρὸς
433 1685 667 1762 τελευτησάιης·
684 1685 705 1770 ¹)
730 1684 809 1750 οὔπω
833 1683 862 1748 δὲ
885 1683 1016 1766 ιέιτιιριι
1038 1684 1088 1759 ἔτι
1112 1683 1238 1762 γεγονὼς
1260 1683 1298 1767 (a.
1323 1685 1397 1748 411

306 1794 363 1860 rub
387 1779 632 1881 quiadringentis)
655 1795 702 1860 bria
725 1796 776 1870 τὴν
798 1799 848 1859 τοῦ
872 1793 981 1876 πατρὸς
1005 1794 1106 1876 φυγὴν
1129 1792 1192 1875 περὶ
1215 1797 1266 1858 τοῦ
1288 1792 1401 1871 σώμαι-

305 1929 353 1980 τος
376 1907 416 1980 εἷς
439 1906 559 1973 κίνδυνοι
580 1907 743 1982 κατέστην,
764 1904 806 1971 ἔτι
826 1905 856 1970 δὲ
871 1911 942 1978 παῖς
958 1905 994 1970 ὢν
1010 1907 1220 1990 (annosnatus
1237 1903 1400 1990 undecim)

306 2017 361 2083 ὑπὸ
390 2024 445 2084 τῶν
475 2017 630 2100 optatecare
659 2017 692 2082 ἐκ
721 2025 775 2092 τῆς
805 2014 916 2088 πόλεως
943 2013 1085 2092 ἐξέπεσον.
1132 2014 1192 2079 Sed
1214 2015 1399 2082 Alcibiades

305 2128 375 2207 ille,
408 2127 462 2214 qui
491 2135 537 2193 est
566 2127 649 2212 apud
678 2125 820 2212 Lysiam,
852 2126 912 2191 iam
939 2132 1083 2212 epatre,
1108 2133 1228 2191 mortuo
1252 2151 1278 2192 a.
1303 2130 1396 2208 404,

307 2238 398 2304 domo
428 2239 590 2304 arcessitus
620 2239 735 2317 fuerat,
765 2237 849 2325 quod
876 2237 1018 2302 infamem
1046 2244 1149 2323 ageret
1171 2237 1265 2302 vitam
1286 2239 1303 2324 t
1326 2240 1373 2301 26
1384 2266 1397 2318 ;

306 2371 437 2434 cumque
460 2350 541 2437 patri
562 2350 724 2416 insidiatus
748 2348 844 2415 Oreos
856 2350 893 2436 (Ρ)
915 2348 1059 2435 proderet
1080 2349 1141 2414 iam
1162 2351 1261 2430 ὡραῖος
1285 2349 1399 2428 ἐγεγό-

305 2484 344 2525 νει
352 2508 362 2539 ,
385 2459 427 2526 ib.
451 2461 509 2527 sub
528 2461 549 2528 f.
572 2469 603 2527 et
617 2483 715 2546 usque
730 2461 770 2526 ad
785 2460 880 2546 patris
895 2467 1025 2526 mortem
1040 2461 1073 2525 in
1088 2466 1239 2546 potestate
1254 2459 1400 2525 hostium
1461 2455 1463 2460 ’

307 2579 381 2636 erat.
428 2570 633 2637 statuendum
668 2579 714 2636 est
743 2571 840 2657 igitur
865 2571 1009 2637 Isocratis
1033 2571 1204 2636 orationem
1225 2593 1288 2636 non
1310 2571 1403 2636 Alci-
1429 2631 1436 2642 .

306 2683 390 2748 biadi
412 2684 523 2750 minori
545 2684 598 2750 sed
622 2684 709 2749 alteri
731 2684 795 2748 filio
819 2683 988 2748 Alcibiadis
1011 2681 1187 2768 Hipponico
1211 2704 1275 2747 esse
1299 2682 1403 2768 scrip·
1427 2688 1430 2694 “

307 2801 387 2874 tam,
411 2794 450 2860 de
473 2815 534 2880 quo
556 2794 620 2859 filio
643 2794 712 2858 vide
736 2811 813 2879 quae
835 2816 995 2859 monemus
1018 2793 1056 2858 ad
1078 2795 1096 2879 b
1119 2795 1172 2858 28.

351 2905 411 2971 Hic
431 2905 527 2992 igitur
541 2905 715 2972 Alcibiades
732 2905 831 2970 minor·
847 2905 965 2991 aliquot
976 2904 1063 2988 aunis
1075 2911 1146 2969 ante
1157 2903 1252 2991 patris
1265 2901 1400 2968 exilium

306 3015 376 3102 (sub
408 3039 522 3082 aunum
551 3019 628 3102 425)
656 3024 747 3082 natus
774 3016 911 3081 Athenas
934 3015 1059 3101 reliquit
1082 3022 1207 3103 epatre
1230 3015 1400 3080 arcessitus

308 3149 400 3212 agens
437 3149 553 3193 annum
580 3127 643 3193 fere
672 3127 962 3193 duodevicesimam.
1000 3127 1108 3192 Peiore
1142 3127 1234 3192 etiam
1268 3126 1401 3191 fortuma

307 3259 399 3322 quam
422 3237 482 3303 lide
504 3261 579 3303 urus
602 3261 698 3323 quum
720 3239 815 3325 patris
837 3238 978 3304 hostibus
1002 3238 1108 3303 urbem
1130 3238 1163 3302 in
1178 3237 1308 3302 Thracia
1321 3259 1400 3323 pro·

307 3346 435 3413 didisset
458 3371 476 3413 a
498 3349 575 3414 duce
598 3350 734 3414 hostium
757 3351 790 3414 in
813 3349 943 3414 vinculis
966 3348 1092 3414 habitus
1116 3348 1273 3422 adversam
1288 3347 1397 3434 prodi-

308 3466 409 3524 torum
433 3469 547 3525 sortem
570 3469 712 3547 expertus
736 3468 792 3526 est.
838 3461 886 3525 Ex
908 3460 1048 3525 custodia
1070 3468 1140 3546 post
1157 3461 1250 3546 patris
1267 3459 1398 3525 demum

307 3581 452 3650 mortem,
485 3570 591 3636 eodem
622 3578 757 3658 tempore
789 3593 849 3657 quo
872 3571 1000 3657 triginta
1022 3571 1079 3636 viri
1102 3569 1233 3636 Athenis
1255 3571 1399 3635 instituti

308 3689 398 3761 sunt,
423 3682 461 3747 ab
478 3689 612 3748 amatore
629 3682 819 3750 Archebiade
840 3682 995 3748 redemtus
1016 3688 1071 3746 est.
1095 3681 1240 3746 Secutum
1256 3687 1303 3746 est
1316 3687 1400 3746 tem·

307 3815 367 3879 pus
396 3791 518 3859 Leucae
539 3801 668 3887 actum,
701 3795 784 3860 unde
815 3794 942 3881 praedes
964 3815 1057 3878 agens
1080 3816 1164 3859 mere
1185 3793 1398 3879 propinquum

308 3905 472 3971 infestabat
492 3908 510 3993 t
533 3907 572 3972 27
578 3955 585 3972 .
620 3905 694 3972 Non
709 3907 811 3993 potuit
826 3906 922 3992 igitur
936 3905 1082 3970 interesse
1097 3926 1219 3992 pugnae
1234 3903 1274 3968 ad
1289 3904 1397 3989 Aegos

305 4015 467 4096 Potamos,
484 4023 587 4103 gestae
602 4039 700 4102 quum
716 4024 802 4104 pater
817 4015 991 4082 etiamtum
1006 4017 1138 4094 viveret,
1159 4015 1225 4102 ipse
1240 4016 1272 4080 in
1287 4014 1398 4080 viucu-

291 4355 292 4358 ,
341 4292 367 4354 1)
384 4292 546 4370 Redargoitur
563 4293 600 4342 his
617 4292 775 4352 Plutarchus,
793 4291 819 4340 iu
836 4289 886 4340 rita
902 4288 955 4339 Alc.
973 4304 994 4338 c.
1012 4289 1027 4336 8
1044 4302 1145 4336 narrans
1162 4286 1311 4350 Hippareten
1329 4299 1395 4334 uxo-

307 4395 359 4429 rem
383 4379 515 4429 Alcibiadis
536 4383 657 4433 mortuam
681 4398 731 4432 esse
754 4384 786 4440 εἰς
803 4378 897 4448 'Aptara
915 4381 956 4431 τοῦ
972 4372 1112 4444 'impactos
1127 4374 1276 4440 πλώσαντας,
1295 4372 1311 4426 i.
1328 4389 1351 4424 e.
1369 4391 1395 4426 a.

309 4467 366 4521 407.
384 4467 422 4519 Gi.
440 4485 460 4519 c.
479 4470 518 4520 35.
