3074 5210
641 491 680 554 ⁷5

118 709 161 762 μοι
182 687 287 770 μέλει,
316 689 346 752 in
371 711 431 773 quo
455 687 616 752 manifesto
639 688 736 766 λέγειν
760 695 806 750 cst
829 711 876 750 res
900 686 1065 762 accedens,
1089 707 1149 748 nou
1166 684 1204 768 ip·

117 821 178 864 sum
201 793 286 862 illud
314 823 374 884 quo
398 807 560 864 contentus
584 807 671 864 essct.

154 911 171 994 ᾧ
196 913 248 974 12.
299 913 398 976 οὐκοῦν
428 909 536 978 ἀτοπον
563 910 598 976 ἀν
623 909 666 986 εἴη
689 912 738 976 οδν
760 908 887 986 δόξκντοο
910 914 1002 994 (recte
1025 907 1128 974 Reisk.
1154 929 1208 991 pro

114 1018 261 1104 δεόξοιντοο)
296 1030 407 1088 κτεῖνοοι
436 1022 592 1105 φάοκοντοο
619 1022 786 1106 ἀνδροφόνον
808 1018 898 1105 εἶνοοι,
922 1017 964 1085 ότι
988 1021 1001 1084 δ
1025 1020 1147 1096 διώκων,
1172 1021 1208 1089 oie

115 1130 232 1209 ἔκτεινε,
265 1134 318 1198 τὸν
350 1135 503 1216 φεύγοντοο
534 1134 706 1212 διωμόσατο.
758 1133 789 1197 Si
821 1142 873 1211 tu,
906 1133 1023 1218 inquit,
1055 1130 1206 1216 Areopagi

114 1241 232 1306 cuidam
257 1245 377 1310 iudicio
401 1245 525 1330 capitali
548 1244 735 1322 adstitisses,
759 1267 821 1310 non
845 1245 1000 1330 ignorares
1026 1242 1117 1308 verba
1132 1241 1206 1306 κτεί-

114 1347 165 1416 νειν
185 1355 255 1419 εινά
282 1364 315 1420 et
337 1356 505 1440 ἀνδροφόνον
528 1353 599 1422 εἶνοιι
623 1356 703 1421 idem
728 1355 787 1421 sibi
810 1356 897 1420 velle.
933 1353 1015 1450 Nam
1031 1355 1063 1418 in
1080 1377 1116 1418 eo
1132 1353 1206 1418 iudi·

115 1464 157 1526 cio
180 1476 346 1533 accusator
369 1477 400 1532 et
425 1493 492 1534 reus
516 1469 554 1536 de
578 1491 613 1534 eo
637 1467 846 1546 contendunt,
863 1475 968 1532 utrum
985 1468 1053 1550 quis
1071 1465 1209 1531 videatur

113 1583 238 1656 κτεῖνονι,
272 1602 331 1645 nec
363 1603 418 1659 ne;
451 1589 553 1646 tamen
585 1581 659 1646 haec
691 1579 806 1645 iudicis
832 1581 920 1661 φόνον
952 1579 1028 1644 δι’κοοι
1059 1586 1149 1654 sunt,
1178 1583 1210 1641 et

115 1687 372 1757 condemnaretur
392 1693 418 1756 is
438 1693 491 1777 qui
509 1715 541 1756 se
556 1692 724 1774 ἀνδροφόνον
739 1692 864 1756 diceret.
889 1689 1068 1776 Lugendum
1088 1687 1209 1752 videtur

115 1799 207 1864 οὐκοῦν
239 1800 353 1868 ἄτοπον
383 1805 418 1868 ἀν
446 1803 488 1880 εἴη
519 1807 640 1887 ἀφεῖναι
671 1805 720 1870 τόν
750 1803 878 1880 δόξοντοο
910 1811 1035 1884 κτεῖνον,
1065 1800 1208 1883 φάοιιονώ

116 1907 286 1991 ἀνδροφόνον
317 1911 404 1990 εἶνοοι,
437 1914 480 1982 ἀοι
509 1919 523 1982 ό
552 1916 656 1982 διώκων
677 1919 713 1990 ἀς
737 1916 843 1982 ἔκτεινε
866 1915 1042 1992 διομόοοοτος
1073 1913 1210 1996 Apparet

116 2019 157 2083 τὸν
182 2022 319 2100 δόξοοντοο
339 2033 449 2090 κτεῖνον
473 2047 556 2090 nunc
575 2049 637 2091 non
654 2049 719 2092 csse
735 2050 805 2092 eum
821 2027 875 2111 qui
892 2049 910 2090 a
928 2026 1081 2090 iudicibus
1095 2023 1211 2087 iudica·

119 2135 164 2194 tus
187 2135 230 2200 sit
255 2143 387 2214 κτεῖνον,
411 2137 464 2201 sed
488 2159 579 2222 quern
600 2138 797 2202 manifestum
816 2139 857 2201 ait
871 2137 995 2202 caedem
1010 2136 1206 2200 commisisse.

118 2239 144 2304 Is
167 2247 342 2312 secuudum
364 2229 606 2314 Theomnesturn
626 2249 830 2316 absolvendus
851 2257 929 2315 esset
951 2250 977 2313 si
995 2246 1161 2329 ἀνδροφόνον
1176 2269 1208 2310 se

120 2351 239 2421 diceret.
282 2358 438 2443 Ἀφεῖνοιι,
463 2383 481 2424 a
504 2359 682 2426 Focrtschio
704 2361 881 2438 inventum,
899 2361 1053 2445 quomodo
1070 2359 1207 2424 excidere

118 2473 181 2546 post
201 2468 241 2533 ἀν
255 2469 298 2544 εἴν
315 2472 450 2555 potuerit
465 2471 497 2535 in
513 2472 615 2556 aprico
632 2480 688 2536 est.
701 2472 747 2538 of.
764 2475 816 2535 21.
833 2475 890 2550 16,
907 2475 958 2536 19.
972 2474 1025 2536 tt.
1049 2471 1207 2535 Postrema

118 2573 184 2642 dedi
208 2581 334 2645 omissis
357 2582 406 2648 τόν
428 2583 599 2662 φεύγοντα,
624 2605 693 2647 nam
717 2582 875 2668 vulgatam
898 2583 951 2668 qni
975 2605 1029 2669 per
1052 2580 1208 2666 prolepsin

118 2687 247 2756 subiecti
270 2693 529 2778 interpretantur:
551 2694 711 2772 διομόοοοτο
734 2697 770 2768 ὥς
793 2698 807 2758 ό
830 2696 951 2777 φεύγων
972 2694 1078 2760 ἔκτεινε
1096 2695 1210 2777 (Auga-

119 2797 207 2886 rius),
234 2804 429 2868 durissimam
453 2805 620 2872 admittunt
632 2813 835 2884 structuram,
849 2829 928 2893 quae
943 2807 1018 2870 locis
1034 2805 1131 2870 Arist.
1150 2807 1207 2870 Av.

121 2911 179 2975 653
198 2916 274 2999 (ἔστι
286 2913 443 2993 λεγόμενον
457 2917 491 2992 δά
502 2941 548 2998 τι,
567 2918 619 2991 τὴν
633 2919 786 3001 ἀλώπεχ’,
803 2920 840 2988 ὡς
851 2916 990 3000 φλοιώροις
1003 2916 1207 3000 ἐκοινώνησεν),

119 3017 193 3088 Xon,
224 3026 287 3092 GP.
318 3025 362 3090 H.
398 3031 426 3092 l.
461 3029 498 3106 5,
523 3039 553 3092 et
576 3029 675 3092 sirum.
700 3051 760 3092 non
786 3029 981 3105 defenditur3
1007 3037 1092 3105 tum,
1118 3027 1207 3090 etiam

119 3131 141 3194 si
164 3143 230 3202 tam
255 3138 354 3203 audax
376 3139 520 3204 iunctura
543 3139 663 3204 admitti
689 3147 808 3226 posset,
835 3140 914 3205 alius
933 3146 1036 3204 tamen
1057 3137 1131 3202 ordo
1148 3160 1210 3202 vcr-

119 3239 226 3313 borum
250 3250 457 3333 requireretur
483 3251 543 3334 (τὸν
566 3252 719 3334 φεώγοντοι
742 3255 778 3324 ἀς
802 3251 930 3337 ἔκτεινε.)
977 3250 1058 3315 Mihi
1080 3250 1142 3314 veri
1171 3248 1209 3312 si·

119 3356 220 3424 mitius
245 3383 310 3426 esse
332 3361 455 3425 videtur
478 3363 569 3427 verba
591 3363 639 3428 τόν
663 3361 816 3445 φεόγοντοο
840 3363 877 3427 ad
892 3363 941 3428 τὸν
957 3359 1082 3437 δόξοντοο
1099 3368 1208 3426 κτεῖνοοι

120 3463 346 3556 interpretanda
370 3471 523 3557 adscripta
546 3474 646 3537 alieno
670 3474 736 3539 loco
760 3475 874 3540 inserta
898 3498 972 3539 esse.

161 3581 178 3664 δ
202 3583 254 3646 14.
301 3581 335 3659 ἐξ
356 3581 392 3648 ὧν
414 3585 516 3649 ἀδικῶν
538 3588 570 3650 οὐ
592 3585 716 3658 δέδωκοις
740 3587 833 3663 δίκην,
859 3586 907 3652 οἴει
930 3587 987 3652 δεῖν
1010 3589 1207 3658 πλεονεκτεῖνς

121 3685 389 3778 Corrumpcremus
413 3694 496 3759 huuc
519 3695 622 3760 locum
645 3697 670 3760 si
694 3698 726 3761 σε’
743 3697 986 3775 intrudcrcmus,
1004 3695 1087 3780 quod
1104 3693 1208 3758 eadem

122 3795 258 3868 libertate
281 3805 450 3883 omittitur,
484 3828 545 3891 qua
568 3806 641 3871 alibi
664 3816 735 3892 post
757 3807 814 3872 δεῖν
838 3817 869 3872 et
891 3817 996 3890 χρῆνκι
1020 3809 1208 3873 'constructio

122 3910 161 3973 sic
191 3917 390 3981 continuatur
421 3939 455 3980 ao
486 3919 512 3981 si
541 3917 596 3982 ilia
624 3918 716 3983 verba
745 3941 806 3982 non
829 3919 1080 3983 intercessissent.
1128 3919 1207 3983 Xon.

123 4017 181 4086 GP.
190 4024 230 4089 V.
252 4029 281 4090 2.
307 4030 364 4092 17ι
389 4026 492 4092 οἴοντοοι
512 4029 569 4093 δεῖν
588 4029 718 4110 φρόνιμοι
737 4029 787 4094 aa>
808 4030 913 4109 μέτριοι
936 4031 1099 4111 φοόνεοόκι.
1135 4029 1219 4114 Ιιγε.1

125 4131 174 4197 30.
207 4139 244 4198 8:
268 4136 324 4200 voci
348 4137 377 4202 δὲ
399 4138 462 4218 περὶ
487 4144 544 4203 τών
565 4148 619 4214 τῆς
642 4141 753 4212 πόλεως
775 4141 932 4220 κρινόμενος
955 4143 1079 4216 οἰήσει-ον
1098 4149 1207 4222 χρῆνοιι

125 4243 190 4317 ἐμοῦ
221 4256 386 4328 κοοοιργορῶν
417 4251 484 4332 ὑμῖν
512 4253 554 4326 μὴ
585 4243 678 4315 δοῦνοιι
718 4251 805 4326 δόκκν.
852 4252 931 4316 Plat.
955 4252 1038 4316 Prot.
1064 4253 1138 4315 316.
1165 4250 1206 4314 C:

125 4355 220 4446 σκόπει
243 4357 359 4436 πότερον
383 4359 445 4439 περὶ
470 4361 565 4430 αὐτῶν
589 4361 672 4438 μόνος
700 4360 749 4426 οἴει
777 4363 832 4427 δεῖν
855 4362 1040 4442 διαλέγεσθον
1064 4368 1131 4443 πρὸς
1158 4362 1209 4440 (ad-

126 4480 199 4550 νοος,
228 4471 245 4546 ἢ
275 4470 343 4548 μοι)
374 4471 487 4536 ἀλλων,
531 4471 691 4536 Demosth.
719 4474 769 4538 19.
799 4476 880 4538 235:
912 4474 992 4546 εὐθὺς
1011 4473 1153 4552 ἀγοόρονν
1179 4477 1208 4538 ἐν
