3074 5210
834 469 895 530 122

322 665 410 730 παντὶ
435 665 610 742 εὔγνωστον,
635 667 677 732 ὅτι
700 671 751 734 οὐκ
773 668 809 734 άν
832 669 1046 750 παραλιπόντες
1069 668 1096 733 εἴ
1116 694 1144 733 τι
1164 667 1240 732 dnae
1254 675 1312 734 τῶν
1326 668 1418 750 Ἐρά-

320 801 406 848 τωνος
435 772 488 862 οἷύν
516 803 551 842 τε
584 777 616 855 ἦν
639 780 769 857 δημεύειν
791 783 842 854 την
865 779 964 845 πάντα
987 781 1028 846 τά
1051 779 1206 860 Ἐράτωνος
1230 780 1418 862 sarmatan

320 885 369 950 καὶ
399 887 478 964 λέγω
509 889 598 954 τολὺν
626 890 676 966 ἤδη
699 891 798 972 χρόνον
822 893 974 968 κέκτημαι.
1021 890 1246 955 Laurentianus
1272 891 1354 954 haee
1380 898 1418 954 ut

322 1005 440 1083 poterat
470 1002 615 1066 correxit:
644 1005 681 1074 άς
705 1006 755 1068 οὐκ
777 1002 814 1068 άν
837 1004 1014 1082 παρέλιπον,
1038 1041 1083 1054 —-
1106 1003 1237 1082 δημεύειν
1260 1003 1283 1066 οἱ
1307 1000 1420 1066 πάντα

321 1116 371 1174 τοῦ
391 1110 547 1191 Ἐράτωνος
569 1113 810 1194 άτονράφοντες·
824 1116 882 1190 ἐγὼ
902 1115 930 1178 δὲ
950 1115 1040 1179 τολὺν
1059 1115 1109 1190 ἤδη
1130 1115 1228 1194 χρόνον
1248 1113 1418 1190 κέκτημαι,

321 1243 411 1306 quem
434 1222 593 1288 Bekkerus
617 1224 729 1308 aliique
752 1225 849 1288 secuti
872 1233 953 1288 sunt.
988 1224 1132 1288 Reiskius
1155 1225 1257 1288 locum
1280 1225 1326 1288 sio
1345 1247 1420 1287 eon·

322 1331 439 1396 stituit:
464 1330 507 1398 ὅτι
529 1335 558 1400 δὲ
582 1333 683 1400 πάντα
705 1336 879 1418 δημεύεται,
901 1335 934 1411 ἐξ
956 1339 1050 1401 αὐτῶν
1069 1343 1124 1400 τῶν
1143 1313 1330 1416 aeripedes
1359 1336 1420 1418 (ῥά-

323 1441 376 1507 διον
406 1444 537 1527 sibinen·
567 1485 612 1496 -
635 1445 727 1512 καίτοι
756 1445 842 1512 τοῦτο’
865 1471 903 1526 γε
926 1447 1014 1512 παντὶ
1039 1448 1215 1525 εὔγνωστον,
1234 1443 1277 1510 ύτι
1300 1449 1355 1512 οὐκ
1380 1445 1418 1510 άν

324 1554 495 1638 παρέλιπον,
519 1556 546 1623 εἴ
566 1584 593 1626 τι
618 1556 693 1624 aiano
717 1566 772 1624 τῶν
794 1558 951 1640 Ἐράτωνος
975 1555 1028 1624 οἶύν
1052 1559 1080 1623 τ’
1104 1554 1136 1634 ἦν
1151 1559 1291 1634 δημεύειν.
1332 1557 1419 1621 Mira

324 1671 556 1754 argumentatio.
602 1671 635 1735 Si
666 1673 761 1738 cuivis
793 1673 850 1736 hoo
879 1672 1073 1736 manifestum
1105 1672 1230 1748 fuisset,
1254 1693 1317 1734 non
1343 1690 1419 1731 sene

323 1782 581 1848 demonstratione
612 1807 689 1868 opus
721 1792 808 1848 esset.
856 1784 915 1848 Sed
948 1807 1002 1870 pro
1033 1785 1079 1848 κού
1109 1784 1186 1858 λέγω
1210 1781 1242 1844 in
1266 1779 1419 1864 proximis

322 1894 389 1958 siue
420 1897 622 1960 controversia
654 1904 735 1961 reete
765 1898 814 1962 καὶ
841 1894 943 1974 tayo
967 1896 1106 1960 oonieeit.
1153 1894 1223 1958 Hoo
1246 1891 1421 1956 adsciscen-

323 2005 397 2070 dum
424 2013 453 2070 et
476 2009 528 2082 την
551 2020 657 2072 natum
681 2031 717 2072 ex
741 2008 950 2093 dittographia
972 2008 1163 2092 superiorum
1186 2009 1213 2070 r'
1238 1999 1270 2078 ἦν
1295 2001 1421 2066 eiicien-

324 2116 406 2180 dum.
453 2117 513 2182 Sed
544 2142 582 2183 ne
613 2119 660 2184 vel
691 2121 734 2184 sie
763 2120 885 2205 quidem
909 2120 995 2184 loeus
1019 2125 1198 2204 personatus
1221 2122 1276 2180 est.
1314 2117 1422 2198 Argu.

325 2230 473 2294 mentatio
504 2229 577 2295 haee
605 2254 670 2296 esse
698 2231 834 2297 videtur:
864 2255 898 2296 eo
923 2231 1006 2317 quod
1030 2231 1063 2294 iu
1086 2229 1218 2294 indicem
1240 2227 1418 2290 retulerunt

327 2341 419 2404 etiam
448 2364 482 2404 ea
513 2365 591 2426 quae
623 2365 678 2427 ego
710 2342 824 2408 dudum
857 2341 1065 2428 possederam,
1090 2345 1214 2426 apparet
1237 2338 1342 2402 omnia
1367 2357 1418 2399 eos

292 2492 294 2496 -
327 2452 499 2537 complexos
524 2474 597 2516 esse.
645 2453 730 2518 Haeo
752 2477 815 2518 non
837 2454 955 2540 reperio
979 2453 1132 2538 quomodo
1152 2451 1184 2515 in
1201 2449 1300 2514 verbis
1316 2449 1419 2512 inesse

327 2565 423 2649 possit
446 2564 472 2628 si
495 2563 596 2629 πάντα
618 2565 659 2630 τά
681 2565 839 2644 Ἐράτωνος
862 2565 1060 2630 retineantur.
1108 2562 1223 2626 Contra
1242 2563 1280 2624 iis
1296 2559 1419 2624 omissis

327 2675 411 2739 locus
436 2682 515 2740 reete
537 2698 568 2742 se
589 2676 695 2741 habet:
716 2679 765 2741 ούκ
788 2675 823 2742 άν
843 2675 1059 2756 ταραλιτύντες
1079 2673 1107 2738 εἴ
1123 2699 1151 2738 τι
1172 2672 1248 2737 dnae
1264 2670 1420 2750 τῶνἜρά-

326 2810 411 2858 τωνος
442 2781 495 2852 οἷόν
526 2790 554 2852 τ’
587 2782 618 2861 ἦν
650 2788 798 2866 δημεύειν,
830 2788 1007 2868 άνιένραφον
1035 2786 1084 2850 καὶ
1117 2783 1140 2850 ά
1164 2786 1221 2862 ἐγὼ
1246 2783 1339 2847 τολὺν
1368 2783 1420 2857 ἤδη

327 2898 427 2976 χρόνον
444 2898 603 2977 κέκτημαι,
623 2901 673 2979 „si
693 2902 866 2966 omisissent
887 2899 970 2964 aliud
991 2899 1066 2984 quid
1087 2898 1169 2984 quod
1191 2919 1227 2960 ex
1244 2896 1331 2960 bonis
1347 2893 1421 2957 Era·

328 3008 432 3086 „tonis
463 3010 612 3094 proscribi
631 3019 762 3097 posset,
794 3035 856 3076 non
887 3034 958 3076 sane
993 3010 1170 3075 retulissent
1199 3009 1232 3073 in
1263 3007 1416 3080 indicem,

328 3141 429 3203 „quae
452 3143 509 3206 ego
532 3123 592 3188 iam
616 3124 735 3188 dudum
757 3124 929 3209 possideo.’'
975 3123 1053 3187 Inde
1077 3123 1159 3186 enim
1182 3120 1348 3206 apparebat
1368 3137 1418 3180 eos

329 3255 364 3296 ea
395 3234 503 3312 etiam,
536 3234 573 3298 de
605 3236 717 3320 quibus
748 3237 862 3320 ambigi
892 3241 1011 3321 posset,
1045 3234 1078 3298 in
1113 3232 1234 3297 tabulas
1267 3230 1416 3294 retulisse.

329 3343 430 3412 Verba
452 3346 554 3410 πάντα
576 3347 617 3412 τά
639 3346 797 3426 Ἐράτωνος
819 3347 851 3410 in
875 3346 1010 3430 margine
1033 3343 1187 3428 adscripta
1206 3343 1299 3406 fuisse
1315 3340 1419 3404 viden-

329 3465 381 3524 tur
410 3458 448 3524 ad
480 3458 660 3544 explicanda
691 3459 744 3524 illa
772 3455 813 3524 ύτι
836 3461 865 3524 δὲ
888 3459 1010 3524 πάντα
1033 3458 1198 3542 δημεύεται
1215 3453 1307 3540 paulo
1331 3472 1417 3535 supe·

330 3572 394 3636 rius
418 3571 504 3636 leota.
551 3571 589 3635 In
620 3571 753 3637 Scheibii
782 3572 912 3636 lectione
935 3571 1037 3635 πάντα
1056 3569 1097 3634 τά
1119 3569 1219 3649 Ἐράτ.
1243 3564 1418 3644 άτένραφον

333 3683 585 3768 [άτονράφοντες]
608 3683 655 3748 καὶ
678 3681 715 3758 ά,
739 3684 824 3761 rell„
850 3705 943 3769 quam
966 3682 1018 3746 ille
1041 3681 1166 3745 uberius
1190 3675 1326 3743 defendit
1350 3675 1371 3738 l.
1397 3672 1416 3735 l.

332 3819 360 3880 p.
389 3797 528 3874 15-17,
552 3797 688 3861 membra
710 3796 854 3860 orationis
878 3795 1001 3860 mirifioe
1017 3793 1140 3858 turbata
1160 3799 1233 3855 sunt
1240 3839 1249 3868 ,
1269 3811 1308 3885 ne
1320 3786 1417 3851 dicam

331 3908 368 3972 de
400 3907 551 3992 particula
579 3905 615 3972 άν
645 3907 814 3972 seeundum
841 3907 929 3970 illum
952 3905 990 3969 ad
1015 3903 1210 3990 participium
1234 3908 1354 3964 tantum
1375 3917 1418 3959 re·

330 4019 463 4084 ferenda.

375 4129 551 4196 Secundum
581 4154 616 4195 ea
646 4153 725 4216 quae
756 4131 794 4194 de
825 4130 968 4193 universa
990 4149 1083 4192 eausa
1104 4124 1212 4188 monui
1235 4123 1416 4204 interpretor

331 4246 464 4310 sectione
489 4248 524 4308 5:

375 4358 411 4428 ὣς
442 4355 471 4420 δὲ
501 4357 552 4430 την
577 4354 800 4437 άμφιςβητησιν
819 4355 867 4418 εἰς.
889 4349 1065 4438 „quomodo
1089 4349 1175 4412 litem
1202 4334 1417 4410 instituerim.’'

333 4467 468 4556 Exponit
508 4467 632 4552 partem¹
661 4489 693 4532 se
727 4487 810 4534 nune
844 4465 996 4529 vindicare
1032 4458 1228 4525 haereditatis
1262 4449 1415 4522 unionis,
