3126 5210
853 452 914 512 190

339 649 420 720 κθτος
442 650 533 714 αὐτοῦ
555 649 603 713 ε’πὶ
626 654 682 714 τῶν
705 647 859 729 τριοθκοντα
882 648 972 726 ὄνομα
995 649 1049 731 (sic
1073 649 1220 713 Schottus
1244 672 1300 734 pro
1324 650 1437 731 ἅρμα,

338 759 422 843 quod
447 760 561 824 frustra
588 758 725 823 defendit
748 758 903 843 Dobreus)
928 760 957 823 ἐν
980 766 1048 827 ταῖς
1070 761 1182 824 σανθσιν
1205 759 1436 840 ἐνεγέγραπτο,

337 868 387 932 καὶ
409 867 479 934 ἄνευ
500 867 662 948 κατήγθρου
685 866 721 934 θον
744 865 832 932 αὐτὸν
854 866 1105 947 οὶπεθοκιμοθζετε·
1128 872 1177 932 νῦν
1200 867 1225 930 δ’
1247 865 1296 932 θ’τε
1316 872 1361 943 μή
1381 869 1437 946 μθ·

335 999 382 1041 νον
411 979 557 1049 ἱππευκὼς
587 978 676 1054 μηδὲ
706 977 977 1058 βεβουλευκώς,
1009 977 1094 1042 ἀλλὰ
1124 977 1173 1041 καὶ
1196 979 1237 1048 εἷς
1259 977 1293 1042 τὸ
1319 980 1436 1052 πλῆθος

336 1083 541 1165 ἐξημαρτηκὼς
568 1087 727 1168 φαίνεται,
759 1088 809 1150 οὐκ
838 1084 874 1150 θον
911 1084 1020 1151 ἄτοπον
1050 1087 1215 1162 ποιήσαιτε,
1247 1087 1272 1150 εἰ
1302 1089 1347 1162 μή
1378 1089 1435 1161 τήν

338 1199 429 1271 αὑτήν
460 1197 578 1274 γνώμην
609 1195 729 1276 ἔχοντες
759 1195 823 1276 περὶ
854 1198 946 1260 αὐτοῦ
981 1195 1146 1277 Φαίνοισθες
1182 1195 1314 1278 (Scheib.
1347 1197 1435 1262 male

336 1306 474 1386 φανοῖσθε
496 1327 567 1369 cum
591 1304 701 1390 MSS.).
741 1304 832 1369 Unus
855 1305 906 1368 hic
929 1305 1015 1368 loeus
1040 1311 1086 1368 est
1110 1327 1146 1368 ex
1171 1307 1291 1390 paucis,
1309 1307 1434 1389 quibus

337 1412 565 1480 Laurentianus
587 1435 689 1478 veram
711 1414 876 1478 lectionem
899 1412 1001 1478 habet.
1050 1412 1231 1478 Omittenda
1253 1415 1335 1478 enim
1352 1423 1433 1479 sunt

338 1523 428 1586 verba
449 1524 521 1601 μηδὲ
542 1523 761 1605 βεβουλευκώς,
786 1545 848 1588 non
872 1522 956 1606 quod
980 1523 1124 1594 iunctura
1146 1522 1354 1587 membrorum
1372 1547 1432 1608 per

337 1635 368 1697 οθ
391 1632 475 1710 ,αθνον
498 1670 543 1682 -
569 1633 630 1699 οὐδέ
653 1671 698 1682 -
725 1634 809 1698 ἄλλα
832 1634 883 1698 καθ
912 1606 1013 1716 (euius
1037 1633 1156 1717 aliquot
1179 1634 1317 1718 exempla
1339 1635 1431 1698 affert

337 1740 491 1826 Sauppins
521 1741 579 1827 up.
614 1744 680 1807 crit.
705 1765 736 1827 p.
761 1745 815 1826 21)
840 1744 880 1806 sit
903 1742 1056 1820 insolens,
1082 1742 1136 1807 sed
1159 1744 1232 1827 quia
1254 1745 1430 1808 senatoriae
1543 1767 1544 1782 ¹

338 1849 514 1936 dignitatis,
539 1874 601 1936 qne
623 1853 749 1918 functus
773 1852 884 1915 luisset
906 1851 960 1930 n,
985 1853 1018 1917 in
1040 1853 1226 1937 praegressis
1242 1853 1328 1916 nulla
1344 1875 1431 1917 men-

337 1959 382 2023 tio
411 1968 474 2040 est,
505 1967 536 2024 et
558 1969 661 2026 orator
685 1963 728 2025 ric
752 1968 999 2046 argumentatur:
1024 1963 1051 2025 si
1073 1983 1160 2046 eques
1184 1963 1242 2028 sub
1265 1981 1329 2026 xxx
1354 1963 1429 2026 viris

336 2067 463 2148 fnisset,
495 2093 565 2136 sum
596 2072 827 2158 improbaretis3
859 2094 942 2136 nunc
974 2094 1071 2156 quum
1101 2094 1164 2136 non
1187 2079 1308 2136 tantum
1332 2093 1428 2155 eques

336 2179 430 2243 luerit
459 2180 513 2244 sed
539 2182 640 2246 multo
671 2183 763 2246 etiam
794 2183 916 2266 gravius
940 2182 1124 2266 deliquerit,
1149 2180 1226 2266 quid
1250 2181 1348 2244 facere
1372 2203 1427 2244 vos

338 2289 481 2372 oportet?
527 2289 685 2370 Quantum
715 2313 799 2355 nune
826 2290 947 2354 obesset
971 2290 1119 2354 senatoris
1143 2311 1274 2366 munus,
1299 2290 1326 2352 si
1349 2289 1424 2353 olim

338 2418 373 2460 eo
396 2397 521 2462 functus
546 2405 641 2478 esset,
665 2399 842 2484 probationi
864 2398 946 2464 nihil
970 2397 1120 2462 attinebat
1143 2397 1262 2476 dicere,
1280 2419 1377 2481 quum
1393 2397 1426 2460 in

337 2506 542 2572 condicionali
565 2509 716 2573 sententia
738 2530 800 2574 non
824 2509 960 2593 positum
983 2515 1063 2572 esset
1085 2507 1260 2578 ἱππευκότος
1280 2509 1297 2582 ή
1317 2507 1425 2584 βεβου-

335 2617 488 2700 λευκθτος,
517 2617 570 2682 sed
595 2619 776 2704 simpliciter
798 2620 982 2692 ἱππευκότος.
1028 2619 1131 2683 Locus
1154 2617 1360 2702 interpolatus
1384 2618 1428 2679 vi·

336 2725 426 2790 detur
448 2727 486 2791 ab
509 2728 690 2813 interprete,
717 2730 771 2813 qui
794 2729 951 2814 superiora
973 2729 996 2792 sl
1012 2729 1065 2806 μὲν
1078 2728 1111 2803 δή
1126 2727 1332 2806 βουλεύσων
1347 2726 1426 2790 male

334 2819 536 2900 intelleirerat.
583 2835 727 2900 Ceterum
763 2859 905 2922 apparere
941 2836 1063 2901 videtur
1097 2858 1133 2900 ex
1168 2835 1268 2900 verbis
1302 2837 1345 2913 μή
1375 2833 1427 2910 μθ-

335 2967 379 3008 νον
402 2979 445 2993 ·-
467 2945 553 3009 οέλλθι
573 2945 642 3022 καθ,
667 2967 745 3029 quae
760 2968 823 3010 non
839 2947 914 3031 poni
930 2954 1060 3031 possunt
1075 2967 1130 3030 pro
1146 2947 1188 3023 μή
1207 2943 1249 3011 ὅτι
1268 2983 1313 2994 -
1327 2943 1425 3021 οέλλοὶ,

334 3053 467 3138 equitem
491 3075 524 3116 re
548 3075 618 3118 vera
640 3053 734 3118 fuisse
750 3054 945 3132 Evandrum
970 3052 1054 3138 quod
1074 3076 1109 3118 ea
1123 3075 1189 3132 res,
1208 3054 1297 3138 quasi
1312 3055 1426 3118 incerta

334 3169 428 3238 esset,
456 3162 489 3225 in
516 3163 616 3245 priore
639 3165 809 3228 sententiae
832 3171 918 3248 parte
941 3164 999 3229 sub
1023 3163 1214 3230 condicionis
1238 3186 1301 3228 non
1326 3163 1425 3248 exple·

332 3278 382 3336 tae
405 3272 502 3334 forma
525 3273 689 3338 enunciata
713 3281 760 3337 est
782 3275 817 3357 (sl
841 3273 1072 3359 ἐνεγέγραπτο),
1097 3273 1214 3338 lactum
1230 3281 1277 3338 est
1293 3271 1424 3357 eoquod

334 3381 410 3444 haee
432 3380 573 3444 condicio
596 3383 685 3466 quasi
708 3383 911 3447 subordinate
934 3390 981 3447 est
1004 3383 1285 3448 commemorationi
1304 3382 1349 3446 rei
1364 3404 1423 3446 non

334 3490 432 3553 factae
454 3489 490 3572 (sl
513 3488 718 3574 ἐδοκιμάζετο).

378 3600 395 3681 d
420 3600 471 3662 la.
518 3595 582 3662 ὅσθ’
613 3600 680 3675 ὑμῖν
710 3599 851 3674 καθήκειν.
894 3597 970 3684 Lag.
1002 3600 1130 3675 καθήκει.
1173 3597 1256 3662 Nam
1280 3598 1355 3665 ὥστε
1378 3606 1422 3664 est

334 3712 523 3791 quapropter.
570 3703 679 3780 Nihilo
709 3707 811 3770 minus
842 3715 923 3774 reete
954 3729 986 3771 so
1017 3707 1143 3772 haberet
1173 3707 1364 3786 infinitivus,
1397 3709 1422 3772 si

332 3817 407 3880 haec
431 3836 468 3878 ex
487 3824 588 3878 mente
607 3813 744 3879 Evandri
763 3816 845 3880 dicta
864 3821 974 3881 essent.
1010 3816 1071 3880 Sed
1091 3837 1177 3880 aecus
1197 3817 1262 3880 fieri
1289 3818 1420 3902 quisque

332 3924 508 3989 admonitus
532 3924 652 3987 sentiet.

376 4034 393 4116 ᾧ
418 4033 469 4094 13.
515 4024 560 4110 αἶρ’
583 4033 634 4094 οὐκ
655 4031 737 4096 οἴεσθ’
761 4033 866 4104 αὐτοὺς
889 4037 1035 4112 χαλεπῶς
1057 4031 1249 4097 διακείσεσθαι
1272 4033 1322 4096 καὶ
1343 4034 1421 4111 ὑμᾶς

331 4143 427 4206 αὐτῶν
450 4138 557 4210 αἷτθους
581 4140 757 4222 ήγήσεσθαι,
781 4136 868 4204 θταν
890 4139 1064 4216 γένωνται
1088 4143 1117 4205 ε’ν
1140 4139 1252 4210 ε’κεθνοις
1271 4147 1332 4212 τοῖς
1354 4141 1420 4221 χρθ·

331 4273 405 4325 νοις,
428 4252 457 4314 ἐν
480 4244 519 4321 οἷς
542 4251 638 4314 αὐτῶν
661 4248 762 4313 πολλοὶ
786 4251 826 4321 εἷς
849 4249 883 4314 τὸ
905 4250 1094 4330 δεσμωτήριον
1117 4251 1267 4326 οὶπήγοντο
1286 4277 1350 4327 -3
1370 4250 1419 4314 In-

331 4365 554 4444 terpretantur:
587 4380 683 4441 quum
714 4357 747 4420 in
778 4357 955 4421 memoriam
982 4363 1145 4436 radicariam
1168 4359 1221 4422 sed
1245 4359 1415 4443 exemplum
