3074 5210
833 468 895 530 154

314 685 406 748 quem
441 663 461 727 l.
492 663 513 728 l.
549 665 719 730 Euctemon
750 673 907 731 accusator
938 669 996 752 est)
1029 674 1164 752 apparet.
1212 667 1349 732 Meierus
1382 675 1413 732 at

312 773 541 840 Schoemannus
581 777 647 840 Att.
688 776 776 841 Proc.
810 799 840 862 p.
874 781 937 841 351
968 785 1049 842 recte
1083 771 1232 843 coniicere
1265 779 1413 842 videntur

312 889 491 969 ἀπογραφήν
517 888 550 952 in
574 897 724 953 oratorem
748 890 925 953 institutam
948 890 1061 967 luisse,
1086 887 1181 973 quare
1205 891 1316 953 melius
1334 890 1411 954 haec

313 997 410 1060 oratio
433 998 585 1075 αἰτιολογία
608 1000 675 1079 πρὸς
699 1001 881 1082 οὶιιονραφήν
905 999 1069 1065 diceretur.
1110 1002 1215 1084 Atque
1231 1001 1275 1064 sic
1293 1002 1413 1086 optime

313 1129 376 1171 una
398 1107 431 1171 in
454 1130 546 1173 causa
569 1109 632 1173 duo
656 1110 801 1187 crimina,
827 1132 959 1194 quorum
983 1111 1098 1175 mentio
1122 1112 1172 1188 fit,
1197 1110 1363 1196 peculatus
1381 1119 1412 1176 et

312 1219 476 1298 δωροδοκίας
499 1221 729 1285 commemorari
752 1230 940 1306 potuerunt,
965 1230 1002 1286 ut
1019 1222 1233 1286 ostenderetur
1249 1223 1293 1286 rei
1308 1222 1411 1300 bona,

314 1349 392 1410 quae
423 1329 536 1413 partim
567 1353 603 1394 ex
627 1330 734 1408 donis,
760 1332 803 1396 ab
822 1332 964 1398 hostibus
989 1333 1142 1417 acceptis,
1166 1334 1281 1418 partim
1304 1357 1343 1398 ex
1367 1335 1413 1398 di·

312 1439 451 1522 reptione
484 1441 592 1503 aerarii
623 1441 802 1519 fluxissent,
834 1449 902 1506 tota
929 1443 1046 1507 civitati
1071 1443 1186 1508 deberi.
1234 1442 1281 1507 cf.
1306 1445 1323 1528 b
1350 1447 1392 1508 16

312 1552 442 1626 ἡγοῦμαι
473 1553 549 1615 πολὺ
577 1549 614 1616 διν
642 1551 813 1632 δικαιότερον
837 1553 917 1629 ὑμᾶς
942 1553 996 1617 ὑπὸ
1019 1559 1074 1618 τῶν
1097 1553 1226 1633 ζητητῶν
1252 1555 1411 1634 απογρα-

310 1667 418 1742 φῆναι
441 1664 481 1725 τοὶ
506 1662 566 1738 ἐμοὶ
591 1662 688 1742 ἔχειν,
715 1665 732 1738 ἢ
757 1663 810 1740 ἐμὲ
834 1663 891 1728 νυνὶ
917 1664 1081 1729 κινδυνεύειν
1105 1667 1145 1736 ὡς
1169 1669 1227 1729 τοῦ
1249 1665 1411 1741 δημοσίου

309 1771 466 1852 χρήματ’
490 1769 622 1852 ἔχοντα
646 1796 707 1857 quo
732 1773 799 1838 loco
823 1776 989 1856 ἀπογραφή
1013 1777 1139 1839 omnino
1155 1798 1218 1839 non
1239 1783 1411 1840 memorata

310 1882 433 1960 luisset,
461 1882 520 1946 nisi
546 1905 652 1947 revera
678 1885 825 1948 instituta
848 1887 967 1969 (contra
982 1885 1060 1950 Bal.
1077 1885 1098 1949 l.
1111 1887 1132 1949 l.
1151 1908 1180 1970 p.
1196 1887 1277 1963 253,
1291 1890 1352 1970 sq.)
1366 1925 1411 1934 -

310 1995 328 2077 b
361 1995 418 2055 21:
451 1994 509 2070 ἐγὼ
540 1994 563 2059 δ’
595 1995 673 2072 ὑμῶν
708 1995 808 2072 δέομαι
838 2033 883 2044 -
917 1999 959 2071 μη
990 2003 1178 2074 καταγνῶναι
1210 1997 1411 2078 δωροδοκίαν

313 2105 394 2182 ἐμοῦ.
418 2141 463 2152 -
484 2105 501 2188 b
519 2105 576 2168 22:
601 2106 755 2184 μαινοίμην
778 2107 838 2185 γαρ
860 2105 897 2171 dcv
918 2107 942 2171 εί
958 2144 1003 2156 -
1022 2107 1104 2188 παροδ
1122 2113 1177 2172 τῶν
1197 2105 1298 2172 ἄλλων
1317 2111 1410 2188 δαρο-

312 2215 454 2290 δοκοίην.

303 2334 306 2339 ’
359 2325 507 2390 Primaria
539 2349 608 2411 pars
640 2329 806 2406 orationis,
840 2352 900 2413 qua
932 2337 1145 2419 accusatorum
1170 2329 1301 2392 crimina
1325 2328 1410 2394 debi-

314 2435 457 2500 litaverat
480 2459 568 2515 reus,
594 2438 686 2503 hodie
711 2439 920 2518 desideratum
948 2440 1029 2504 nihil
1054 2441 1135 2504 enim
1159 2440 1300 2504 continet
1325 2461 1409 2503 nunc

314 2569 406 2630 quam
431 2548 610 2611 meritorum
635 2549 667 2610 iu
691 2571 754 2613 rem
778 2549 936 2633 publicam
959 2550 1218 2635 praedicationem
1243 2573 1314 2614 oum
1340 2573 1410 2635 poe-

313 2681 370 2723 nae
393 2658 607 2743 deprecatione
616 2687 625 2738 ;
642 2661 848 2745 fragmentum
867 2670 932 2739 est,
951 2662 1091 2747 epilogus
1108 2662 1231 2725 maioris
1248 2661 1408 2724 orationis.

312 2768 395 2833 Nam
419 2771 584 2854 quominus
609 2771 729 2834 credam
755 2794 819 2835 esse
844 2769 958 2852 ὕστερον
981 2771 1070 2847 λίνον
1097 2771 1207 2855 (Meier
1230 2778 1259 2834 et
1283 2771 1407 2835 Schbm.

313 2904 343 2966 p.
377 2884 453 2965 711)
480 2881 626 2966 impedit,
652 2882 736 2966 quod
759 2905 830 2946 reus
854 2883 964 2947 merita
986 2885 1019 2946 in
1043 2883 1279 2967 rempublicam,
1305 2903 1409 2945 necas-

312 2992 423 3056 sariam
447 2993 508 3056 fere
533 3000 651 3077 partem
675 2994 827 3078 cuiusque
851 2993 1038 3057 defensionis
1062 2999 1295 3070 commemorat,
1314 3014 1407 3076 quarn

313 3125 366 3167 cur
401 3103 488 3167 alteri
525 3104 656 3167 orationi
687 3111 886 3181 reservasset,
919 3103 1007 3168 nulla
1039 3103 1207 3188 probabilis
1239 3100 1409 3186 excogitari

313 3237 406 3279 causa
427 3222 540 3298 potest.

358 3324 473 3389 Mutila
503 3325 599 3408 igitur
629 3325 727 3388 oratio
759 3332 820 3401 est,
855 3325 907 3388 sed
932 3325 958 3387 si
981 3324 1047 3387 ulla
1071 3346 1108 3388 ex
1131 3324 1170 3386 iis
1195 3343 1274 3406 quae
1298 3319 1408 3405 Lysiae

313 3459 425 3501 nomen
455 3444 584 3520 gerunt,
617 3437 692 3500 haec
723 3437 869 3520 genuina.
918 3436 965 3499 De
1001 3437 1092 3502 rebus
1124 3435 1182 3500 sub
1213 3436 1307 3498 finem
1335 3433 1408 3500 belli

313 3547 565 3633 Peloponnesiaci
596 3557 626 3610 et
659 3547 779 3610 ratione
806 3545 1003 3630 liturgiarum
1029 3568 1108 3630 quae
1131 3545 1270 3609 eontinet
1294 3546 1408 3630 optime

295 3661 501 3724 conveniunt
530 3681 600 3723 cunr
631 3659 686 3734 iis,
720 3679 799 3741 quae
824 3655 949 3720 aliunde
973 3663 1048 3718 nota
1072 3663 1155 3719 sunt.
1192 3654 1300 3719 Veluti
1325 3653 1407 3739 quod

313 3771 352 3835 de
375 3772 573 3835 Archastrato
597 3776 643 3833 est
665 3771 682 3854 b
702 3771 739 3850 8,
759 3768 814 3852 qui
834 3767 1003 3852 Mytilenae
1027 3766 1176 3831 cecidisse
1195 3766 1327 3843 dicitur,
1347 3763 1408 3828 tale

314 3889 376 3959 est,
396 3888 431 3944 ut
446 3882 509 3945 fere
526 3879 669 3964 suppleat
686 3901 765 3962 quae
783 3878 821 3942 de
841 3878 972 3942 ducibus
991 3878 1229 3942 Atheniensium
1250 3877 1284 3940 in
1297 3876 1408 3961 pugnis

314 3992 352 4056 ad
384 3991 555 4076 Mytilenen
588 3999 618 4054 et
647 3991 686 4054 ad
716 3990 887 4073 Arginusas
910 3989 1078 4053 interfectis
1103 4012 1121 4052 a
1144 3988 1352 4071 Xenophonte
1376 3993 1406 4049 et

315 4104 383 4168 aliis
408 4102 593 4188 produntur.
1148 4110 1154 4119 '

359 4215 536 4279 Secundum
566 4213 804 4297 Xenophontem
835 4212 916 4275 enim
946 4233 972 4273 a.
1000 4212 1075 4286 ool,
1106 4218 1176 4294 post
1209 4229 1346 4294 pugnam
1371 4207 1407 4270 ab

315 4325 469 4389 Antiocho
489 4324 658 4388 Alcibiadis
675 4325 776 4408 legato
791 4322 956 4386 infeliciter
976 4322 1095 4406 gestam
1116 4327 1260 4384 creantur
1282 4318 1407 4400 strategi

315 4436 441 4514 Conon,
463 4434 650 4512 Diomedon,
671 4433 775 4511 Leon,
796 4413 946 4510 Pericles,
968 4430 1165 4508 Erasinides,
1183 4417 1406 4505 Aristocrates,
