3074 5210
698 457 739 516 at

142 681 237 723 num
271 657 379 722 alieno
411 654 478 718 loco
500 653 533 718 in
556 653 701 740 proximis
725 651 757 739 (6
781 654 840 732 65,
866 653 924 738 66)
949 652 1044 718 assuit
1067 651 1117 737 (de
1140 675 1200 738 quo
1224 653 1262 718 ct.

142 769 349 846 Hamaker,
382 764 627 843 Rauchenstcin‚
658 763 798 849 Scheibe)
822 764 871 828 hic
899 786 1022 849 quoque
1044 764 1133 830 verba
1158 773 1264 829 notata

141 883 189 948 de
229 904 297 945 suo
333 878 494 944 interserit.
541 877 720 956 Servorum,
752 878 806 962 qui
837 883 902 944 ον’ννο
922 885 1015 963 putre
1037 883 1124 955 sunt,
1148 886 1264 961 patrem

142 993 311 1058 indicare
336 989 467 1056 subinde
490 989 630 1068 difficile,
649 989 748 1054 multo
764 989 861 1074 magis
877 1010 949 1054 avos
965 997 996 1054 et
1011 989 1093 1053 avias
1101 1015 1111 1066 ;
1128 987 1265 1052 ethome

142 1106 327 1170 obscurus
350 1103 395 1166 sic
418 1099 645 1188 quodammodo
668 1100 858 1166 nobilitatur.

201 1219 222 1303 ξ
256 1217 316 1280 67.
358 1215 457 1279 ’Ἧοοον
488 1215 579 1278 τοίνυν
605 1209 680 1278 οὗτοι
703 1249 748 1261 -
770 1212 908 1292 τέττοιρες
931 1212 1072 1294 ἀδελφοί.
1097 1211 1204 1276 τούτων
1226 1205 1267 1283 εἷς

145 1330 213 1410 μὲν,
242 1329 261 1393 ὅ
287 1325 482 1407 πρεσβύτερος
507 1326 536 1390 ἐν
559 1326 681 1404 Σικελίᾳ
704 1321 1051 1406 παραφρυκτωρευόμενος
1074 1329 1132 1396 τοῖς
1145 1323 1268 1402 πολεμί-

146 1467 195 1514 οις
238 1439 372 1518 ληφθεὶς
403 1437 458 1501 ὑπὸ
487 1433 642 1515 Λοομοὶχου
674 1433 930 1512 ἀπετυμπανίσθη.
977 1433 1037 1496 Pro
1064 1435 1270 1519 comparativo

148 1554 235 1616 iure
266 1548 389 1614 Bakins
412 1546 617 1626 πρεσβύτατος
640 1544 834 1610 desideravit.
869 1543 950 1608 Nam
968 1545 1052 1630 quod
1068 1545 1271 1610 Westcrman-

148 1687 227 1728 nus
261 1660 295 1744 (l.
323 1641 349 1723 l.⁴
369 1682 397 1744 p.
426 1658 477 1741 19)
501 1657 742 1742 comparativum
764 1657 901 1722 excusari
924 1679 1013 1742 posse
1028 1663 1133 1742 putat,
1150 1658 1175 1720 si
1192 1660 1272 1742 Ago-

149 1781 296 1850 ratum,
328 1793 397 1834 cum
419 1791 481 1853 quo
504 1768 549 1832 illi
573 1776 801 1854 comparentur,
826 1768 996 1835 secundum
1017 1777 1095 1834 natu
1114 1769 1208 1834 fuisse
1221 1791 1272 1853 po·

154 1899 290 1951 namus
301 1931 311 1960 ,
343 1903 405 1946 non
439 1881 596 1944 assentior.
644 1880 795 1966 Deinceps
820 1880 900 1944 enim
923 1880 961 1946 de
984 1884 1113 1946 secundo
1132 1888 1163 1946 66
1184 1886 1273 1944 tertio

158 1999 233 2082 (τὸν
264 1994 296 2058 δὲ
321 1989 412 2072 τρίτον
435 1992 452 2076 d
475 1992 527 2075 68)
552 2012 614 2055 non
639 1989 790 2054 detentio
814 1997 845 2055 et
857 1997 966 2076 quarto
982 1991 1093 2076 agitur.
1117 1993 1271 2076 Agoratus

157 2108 280 2174 tribus
315 2103 439 2187 reliquis
471 2103 656 2188 opponitur,
681 2126 718 2168 ex
741 2102 852 2188 quibus
875 2103 1025 2168 maximus
1048 2115 1124 2168 natu
1148 2110 1193 2167 est
1217 2104 1272 2189 qui

156 2223 299 2308 primus
333 2216 517 2279 nominatur.
565 2215 611 2278 De
642 2214 777 2279 confusis
805 2216 1010 2301 comparativo
1033 2222 1064 2279 66
1088 2214 1273 2300 superlativo

162 2329 338 2418 quaedam
368 2327 456 2391 attuli
487 2327 519 2398 in
551 2325 623 2390 diss.
657 2325 694 2390 de
725 2327 842 2412 antiqu.
879 2325 1024 2412 Aeschyli
1056 2327 1274 2412 interpretibus

160 2469 195 2530 p.
235 2443 325 2516 113;
350 2439 388 2502 cl.
402 2416 576 2504 ¹hllmsleins
600 2437 639 2501 ad
661 2436 736 2502 hlur.
760 2437 843 2502 Med.
871 2440 921 2503 67.
969 2437 1045 2502 Post
1060 2444 1273 2520 παραφρυκτω-

163 2554 334 2638 ρευόμενος
358 2549 599 2614 additamentum
623 2555 682 2620 τοῖς
705 2547 853 2627 τολεμνόνο
875 2549 986 2614 inutile
1007 2556 1069 2627 est;
1083 2551 1180 2614 omnis
1193 2551 1274 2614 enim

163 2661 479 2745 παραφρυκτώρευτις
503 2662 534 2724 in
559 2658 751 2724 commodum
776 2661 913 2726 hostium
936 2661 980 2726 fit.
1023 2660 1143 2725 Vitium
1166 2662 1273 2746 utique

164 2773 283 2840 Suida
315 2773 470 2857 antiquins
495 2781 550 2838 est.
598 2771 645 2837 (tf.
670 2772 756 2837 Suid.
781 2796 828 2837 vv.
853 2772 981 2854 φρυκτός
1006 2780 1037 2836 66
1059 2779 1275 2854 παραφρυκτω-

164 2885 342 2970 ρευάροενος.

221 2998 245 3080 ξ
271 2996 322 3060 72.
368 2995 497 3079 Propter
519 2994 730 3079 Phrynichum
746 3003 888 3059 necatum
902 2993 1112 3079 Thrasybulus
1138 3001 1168 3058 66
1184 2995 1277 3080 Apol-

165 3106 313 3172 lodorus
344 3105 467 3169 civitate
499 3104 606 3168 donati
629 3104 702 3169 olim
726 3111 809 3170 sunt.
855 3104 932 3169 Eam
956 3104 1078 3169 caedem
1103 3105 1179 3169 falso
1203 3129 1220 3169 a
1243 3128 1275 3168 sc

167 3223 387 3304 perpetratam
418 3216 568 3300 gloriatur
598 3218 770 3299 Agoratus;
802 3237 872 3280 nam
897 3217 923 3279 si
946 3216 1010 3279 eius
1033 3215 1133 3280 laudis
1157 3224 1275 3301 partem

169 3333 254 3394 iure
282 3326 341 3391 sibi
363 3326 517 3390 vindicare
540 3335 641 3410 posset
666 3333 695 3390 66
719 3334 879 3412 propterea
902 3326 1025 3390 civitate
1049 3326 1180 3391 donatus
1203 3327 1276 3392 fuis·

173 3446 248 3514 set,
286 3437 391 3500 eodem
414 3436 536 3500 decreto
551 3459 630 3522 oum
652 3435 843 3521 Thrasybulo
867 3443 897 3500 66
920 3435 1110 3522 Apollodoro
1134 3437 1201 3501 eius
1224 3461 1277 3502 no-

174 3570 258 3622 men
283 3549 506 3612 contineretur:
531 3547 584 3612 ἔδει
609 3548 697 3612 αὐτὸν
720 3549 748 3611 ἕν
772 3557 808 3629 τῇ
834 3551 910 3628 οὔτῇ
934 3550 1043 3631 really,
1069 3545 1115 3613 tva
1137 3572 1190 3629 τερ
1203 3560 1277 3631 Θρυ·

175 3657 329 3737 σύβονλον
359 3661 408 3725 acl
439 3658 667 3740 Ἀπολλόδωρον,
699 3660 846 3734 Ἀθηναῖον
869 3659 1121 3739 πεποιημένον...
1145 3660 1186 3724 τοὶ
1208 3661 1276 3737 μέν·

178 3795 231 3836 τον
270 3768 399 3847 ὀνόματα
430 3771 655 3849 Βουπράττοντοιν
686 3771 727 3836 τὰ
757 3776 839 3851 σφῶν
871 3775 983 3848 οούτῶν,
1019 3770 1112 3843 δόντες
1145 3771 1276 3854 ἀργύρεον

179 3883 229 3964 τῷ
260 3882 366 3962 ῥήτορι,
401 3889 620 3964 τροςνροοφῇνοον
649 3882 688 3954 εἰς
719 3884 771 3957 τὴν
801 3883 911 3958 στήλην
933 3885 970 3954 ὡς
993 3882 1149 3963 εὐεργέτας
1172 3882 1274 3955 ὄντας.

180 3991 238 4060 aa}
269 3993 306 4064 ὥς
336 3993 430 4068 ἀληθῆ
460 3993 558 4071 λέγω,
582 3999 666 4058 τοῦτο
688 3993 721 4058 τὸ
744 3995 892 4075 ψήφισμα
915 3992 1040 4071 ἐλέγξει.
1087 3993 1162 4058 Post
1176 4019 1276 4060 τετον-

184 4101 292 4181 νρμένον
316 4101 433 4186 aliquid
456 4102 646 4166 intercidisse
669 4103 759 4168 hodie
783 4104 826 4167 ita
850 4111 985 4180 constat,
1011 4111 1046 4166 ut
1069 4105 1275 4188 quaerendum

186 4220 314 4279 tantum
338 4214 378 4278 sit
401 4236 478 4299 quae
505 4215 617 4278 omissa
637 4216 707 4279 sint.
754 4213 826 4278 Non
850 4237 914 4279 esse
937 4222 1038 4300 potest
1060 4216 1093 4279 in
1116 4216 1277 4302 postremis

187 4325 244 4410 (τοὶ
267 4324 374 4408 μέντοι)
399 4347 495 4388 sermo
519 4324 557 4388 de
581 4347 616 4388 eo
640 4325 723 4409 quod
746 4326 812 4390 fieri
835 4325 947 4403 soleat,
972 4324 1055 4408 quod
1077 4327 1195 4411 magnis
1215 4350 1277 4391 ver·

191 4437 303 4498 borum
333 4433 510 4518 ambagibus
542 4435 678 4500 evincere
709 4443 836 4500 conatus
868 4443 913 4499 est
944 4433 1086 4500 Reiskius
1113 4438 1146 4502 in
1169 4438 1274 4502 variet.
