3126 5210
260 678 304 740 sic
327 676 567 741 Strombichides
591 676 690 760 capite
714 673 877 738 damnatus
898 693 962 736 esse
986 673 1185 756 significatur.
1218 673 1264 736 De
1287 673 1360 736 Cal-

257 786 354 864 liade,
379 809 470 869 quem
493 787 590 851 nobili
607 786 749 849 classium
766 784 837 847 duci
854 783 1075 848 Strombichidi
1090 784 1139 867 (cl.
1153 785 1356 864 ThooVIII,

259 897 382 981 passim)
415 897 569 980 adiungit,
602 895 681 958 nihil
712 901 822 958 notum
853 900 916 971 est,
951 894 1010 956 nisi
1042 894 1126 976 quod
1154 893 1235 956 filius
1259 895 1358 958 fuisse

259 1015 361 1093 potest
396 1007 510 1071 Galliae
541 1005 687 1070 Calliadis
720 1005 793 1083 filii,
826 1003 880 1087 qui
911 1003 975 1072 dux
1005 1003 1065 1066 suit
1100 1003 1138 1066 ad
1173 1003 1354 1067 Potidaeam

257 1118 365 1202 (Thuc.
390 1117 417 1180 Ι.
443 1119 508 1200 61).
556 1115 649 1195 Quod
681 1139 698 1179 a
728 1114 935 1198 Xenophonte
958 1119 1089 1196 uterque
1112 1113 1267 1178 omittitur
1289 1137 1354 1177 non

258 1229 378 1292 mirum.
426 1227 561 1291 Omnino
589 1225 720 1290 historia
742 1225 870 1308 triginta
894 1223 1028 1287 virorum
1052 1223 1083 1286 in
1108 1223 1277 1287 Hellenicis
1300 1223 1356 1286 ad-

257 1338 381 1401 modum
407 1337 553 1401 lacunosa
577 1344 640 1412 est,
665 1334 728 1398 sive
752 1334 835 1417 quod
859 1333 890 1396 in
912 1333 1027 1396 recenti
1042 1333 1086 1396 rei
1101 1333 1247 1396 memoria
1261 1335 1352 1419 ignes

258 1447 315 1511 sub
339 1448 440 1511 cincre
463 1447 593 1510 latentes
618 1445 765 1508 suscitare
787 1443 890 1507 noluit
913 1442 1088 1526 Xenophon
1112 1444 1195 1526 (nam
1219 1445 1353 1528 priorem

258 1557 489 1621 Hellenicorum
521 1564 639 1640 partem
670 1554 769 1618 multo
800 1559 871 1616 ante
903 1551 1046 1629 alteram,
1081 1566 1158 1637 quae
1185 1553 1311 1637 incipiat
1337 1578 1356 1618 a

256 1666 335 1729 libro
359 1666 467 1743 tertio,
492 1666 637 1749 scriptam
658 1685 722 1727 esse
740 1660 913 1726 Niebuhrio
933 1663 1111 1746 assentior),
1133 1662 1196 1726 sive
1214 1663 1297 1746 quod
1313 1663 1354 1726 ad

256 1776 469 1839 liberationem
492 1776 608 1860 patriae
628 1773 877 1850 describendam,
899 1773 1056 1836 laetiorem
1074 1772 1158 1836 illam
1179 1775 1355 1852 materiam,

257 1886 377 1950 animus
397 1885 587 1970 properabat.
624 1883 684 1947 Sed
704 1884 803 1946 multo
823 1882 929 1967 plura,
953 1903 1044 1965 quam
1063 1881 1183 1959 fecerit,
1201 1894 1271 1947 eum
1287 1907 1358 1948 nar-

257 2018 324 2059 rare
347 1997 501 2081 potuisse,
526 2001 652 2080 apparet
669 2017 705 2058 ex
722 1994 860 2056 oratione
877 1991 1074 2055 Theramenis
1090 1991 1146 2075 (II.
1160 1996 1190 2056 3.
1204 1995 1262 2069 39,
1276 1997 1354 2077 sq.),

258 2129 349 2190 quem
378 2106 509 2170 strictim
536 2106 610 2168 facit
633 2111 852 2168 memorantem
878 2123 983 2166 necem
1008 2100 1136 2166 Leontis
1161 2111 1190 2165 et
1214 2101 1356 2166 Nicerati

259 2221 290 2278 et
313 2214 535 2299 Antiphontis,
561 2215 598 2277 de
622 2214 735 2299 quibus
758 2214 824 2297 ipse
848 2219 996 2276 tacuerat.
1046 2212 1087 2274 Et
1110 2213 1213 2276 omisit
1233 2221 1356 2297 praeter

259 2322 427 2386 Calliadem
453 2329 483 2386 et
503 2317 761 2387 Strombichidem
786 2320 1054 2406 Dionysodorum,
1074 2322 1355 2406 ¹Archeptolemum

259 2433 345 2518 (Lys.
373 2436 424 2496 la.
450 2436 519 2518 67),
545 2434 733 2519 Autolycum
758 2433 862 2516 (Diod.
887 2431 976 2496 XIV.
1003 2434 1043 2516 5).
1090 2431 1163 2495 Non
1187 2431 1296 2495 melius
1320 2456 1356 2496 se

258 2567 305 2608 res
337 2544 430 2608 habet
460 2545 491 2608 in
525 2543 671 2608 Diodoro.
718 2541 977 2608 Strombichidem
1008 2542 1107 2605 virum
1130 2541 1211 2606 bello
1235 2542 1355 2606 clarum

256 2656 306 2738 (cl.
323 2655 421 2719 Thuc.
434 2654 527 2718 VIII.
554 2658 594 2717 62
620 2662 651 2718 et
674 2655 726 2740 al.)
755 2655 782 2717 si
811 2653 987 2737 Xenophon
1012 2659 1042 2715 et
1066 2651 1221 2716 Diodorus
1245 2653 1355 2716 omise-

257 2770 347 2842 runt,
386 2764 460 2847 quid
497 2764 645 2827 miramur
676 2764 703 2827 si
734 2763 945 2828 obscuriorum
974 2763 1136 2826 hominum
1165 2763 1293 2847 Agorati
1322 2772 1356 2826 et

257 2872 440 2937 Nicomachi
462 2873 549 2936 nulla
572 2873 654 2958 apud
678 2873 748 2937 illos
772 2873 887 2937 mentio
912 2871 1034 2936 exstat?

302 2983 444 3048 Sectione
473 2987 514 3046 28
546 2983 753 3069 legislatorem
778 3006 840 3048 una
864 3005 934 3047 cum
958 2980 1148 3047 Nicomacho
1171 2982 1247 3046 dicit
1270 2982 1354 3046 Tisa-

258 3115 382 3157 meuum
406 3093 619 3158 Meohauionis
644 3094 759 3172 filium3
784 3102 866 3158 reote
890 3093 1061 3157 secundum
1078 3093 1254 3179 psephisma
1270 3093 1357 3178 apud

258 3203 450 3268 Andocidem
476 3207 505 3267 l.
531 3206 571 3267 83
582 3253 591 3282 ,
615 3205 670 3269 ubi
692 3203 874 3268 Tisamenus
898 3205 1007 3268 tulisse
1030 3203 1146 3267 dicitur
1162 3202 1200 3266 de
1216 3203 1359 3266 creandis

257 3311 456 3377 nomothetis.
504 3312 597 3393 Quod
621 3313 736 3378 ibidem
760 3313 981 3378 Themistocles
1005 3321 1037 3377 et
1057 3312 1190 3377 Pericles
1212 3312 1286 3376 olim
1302 3335 1360 3376 no·

257 3423 410 3487 mothetas
435 3430 552 3487 creatos
576 3423 652 3487 dicit
674 3446 736 3487 non
761 3425 933 3509 imperitiae
956 3423 1085 3487 oratoris
1102 3421 1357 3501 adscribendum,

261 3533 313 3596 sed
338 3531 443 3596 studio
468 3533 612 3617 carpendi
636 3532 862 3598 Nicomachum
885 3557 940 3619 per
963 3533 1049 3597 illam
1073 3533 1309 3618 oppositionem,

204 3622 206 3626 ¹
303 3641 365 3704 Illa
393 3642 504 3727 igitur,
534 3665 613 3727 quae
635 3643 652 3727 b
678 3645 737 3721 14,
763 3645 824 3721 22,
850 3642 901 3705 28'
918 3665 954 3706 en
977 3643 1069 3706 rebus
1093 3643 1272 3728 aequalibus
1295 3665 1361 3707 me-

258 3760 419 3817 morantur
450 3760 503 3816 aut
534 3752 658 3816 aliunde
683 3761 756 3816 nota
781 3760 872 3831 sunt,
898 3759 951 3816 aut
975 3752 1064 3816 facile
1087 3772 1158 3815 cum
1181 3753 1261 3815 notis
1286 3774 1360 3816 oon·
1391 3787 1400 3802 ·

259 3862 356 3925 ciliari
387 3867 534 3945 possunt;
565 3861 684 3946 reliqua
707 3885 786 3945 quae
809 3885 879 3926 cum
904 3861 1033 3925 historia
1056 3867 1110 3924 aut
1133 3861 1359 3926 consuetudine

259 3970 392 4034 civitatis
421 3991 557 4054 pugnare
586 3971 728 4035 videntur
751 3979 841 4036 caute
864 3979 901 4036 ut
924 3971 1146 4048 adhibeantur,
1172 3972 1198 4035 si
1225 3970 1263 4035 de
1287 3995 1361 4036 auc·

259 4088 326 4145 tore
350 4086 533 4164 quaeratur,
558 4081 668 4144 suadet
686 4082 892 4166 exaggerandi
908 4082 1046 4146 studium
1063 4104 1133 4147 oum
1149 4082 1275 4166 reliquis
1292 4106 1361 4148 ora-

262 4190 381 4255 toribus
404 4188 513 4274 Lysiae
538 4214 709 4255 commune.
757 4193 894 4276 Aliquod
929 4193 1076 4256 haberent
1098 4200 1305 4270 momentum,
1331 4196 1359 4258 si

263 4302 353 4365 etiam
377 4301 522 4364 orationis
546 4302 643 4365 forma
666 4309 696 4365 ct
715 4303 800 4366 color
815 4304 929 4368 bonum
948 4309 1097 4366 oratorem
1114 4303 1258 4366 dedecere
1276 4303 1359 4367 vide·

263 4418 357 4475 retur.
397 4411 456 4475 Res
476 4412 572 4496 igitur
591 4412 784 4496 potissimum
805 4413 935 4476 vertitur
954 4413 985 4475 in
1004 4432 1141 4475 sermone
1158 4412 1358 4496 explorando.
