3126 5210
823 475 886 534 aer

307 669 385 732 buit.
434 669 534 753 Igitur
567 670 624 732 hoc
653 671 784 735 voluisse
808 671 930 734 videtur
953 679 1056 734 orator
1079 679 1199 735 noster:
1226 674 1268 736 sic
1293 674 1407 736 adhae-

307 780 415 845 rebant
446 782 647 865 patrimonio‚
681 785 732 847 cui
763 783 865 847 omnia
896 791 982 866 grata
1013 784 1200 860 referebant,
1232 794 1325 868 atque
1350 785 1408 848 alii

307 893 434 976 patriae.

350 1004 368 1087 d
393 1006 443 1067 14.
491 1001 524 1068 ἵν’
555 1005 638 1080 εἰδῆθ’
667 1004 708 1070 dri
738 1013 840 1070 ταῦτα
869 1012 978 1086 πρῶτον
1008 1007 1102 1081 άλήθή
1132 1007 1227 1084 aba,
1253 1009 1407 1073 άκοθσατε

306 1119 362 1178 τῶν
383 1116 543 1196 μαρτύρων.
581 1121 710 1196 Πρῶτον,
737 1116 837 1181 alieno
862 1116 929 1180 loco
953 1118 1105 1200 positum,
1131 1117 1306 1181 delendum.
1344 1119 1408 1181 Ex-

307 1224 386 1288 stitit
410 1226 537 1290 fortasse
561 1249 597 1290 ex
620 1229 649 1290 A
672 1250 865 1312 praegresso,
892 1228 974 1312 quod
1000 1250 1054 1312 pro
1078 1229 1197 1292 numeri
1222 1239 1295 1292 nota
1316 1229 1407 1293 habi-

307 1343 373 1400 tum
397 1337 447 1400 sit.

350 1448 368 1530 b
393 1451 442 1511 lc.
490 1446 587 1512 Nulla
610 1473 702 1514 causa
725 1459 771 1514 est
794 1475 849 1515 our
873 1452 983 1515 lacuna
1004 1458 1159 1515 statuatur
1175 1459 1245 1536 port
1260 1450 1406 1530 ἐλέγχειν

306 1557 411 1631 αὐτόν,
438 1559 525 1622 cuius
549 1559 664 1624 indicia
687 1563 769 1646 apud
794 1562 946 1626 Cobetum
971 1585 1043 1627 casu
1063 1586 1099 1626 ex
1127 1563 1248 1626 Scheibi
1265 1561 1405 1625 editione

305 1668 405 1752 priore
436 1672 615 1746 remansisse
643 1681 729 1756 puto.
765 1672 908 1737 Proxima
925 1674 1058 1737 sectione
1075 1695 1137 1736 non
1153 1673 1267 1757 recepit
1284 1671 1406 1735 coniec-

303 1785 388 1842 turas
420 1780 493 1844 olim
526 1784 696 1866 propositas
726 1781 812 1847 Orat.
845 1808 874 1868 p.
894 1781 965 1862 84,
992 1783 1029 1848 V.
1055 1784 1091 1847 L.
1120 1787 1198 1847 lll:
1231 1781 1312 1853 οὗτος
1342 1780 1403 1846 σοι’-

304 1915 352 1957 νυν
379 1894 437 1972 οὐχ
468 1889 543 1964 ὅπως
576 1894 741 1976 ὠφέλησε
764 1897 816 1968 τήν
839 1895 922 1960 πάλιν
942 1896 971 1958 ε’ν
990 1895 1106 1974 τοιούτῳ
1125 1897 1212 1974 καιρῷ
1238 1892 1299 1957 καὶ
1320 1895 1405 1956 άπο-

305 2004 361 2085 ρι’ρι
390 2004 539 2084 τοιαθτή
569 2009 829 2088 καταστάσαν,
861 2006 946 2070 άλλά
979 2005 1039 2069 καὶ
1070 2005 1222 2084 κερδαίνειν
1254 2004 1313 2067 άπδ
1345 2009 1402 2066 τῶν

308 2115 449 2193 ὑμετέραν
479 2122 634 2197 συμφορῶν
664 2116 924 2194 παρεσκευάσατο,
958 2124 988 2179 et
1019 2115 1087 2181 τότε
1110 2116 1164 2192 μὲν
1187 2114 1292 2191 αὐτάς,
1317 2113 1402 2197 quod

308 2225 465 2309 probabile
489 2225 584 2289 videri
609 2248 697 2311 posse
721 2227 813 2304 dicit,
840 2249 947 2310 pror.
972 2252 1005 2302 α.
1032 2225 1120 2296 αὐτὸς
1143 2226 1238 2303 ριθνος.
1284 2223 1331 2286 Ex
1352 2224 1401 2286 his

305 2335 423 2399 ultimis
448 2336 474 2400 si
498 2337 572 2419 quid
597 2335 804 2401 omittendum
828 2344 924 2414 esset,
950 2360 1012 2401 non
1033 2337 1134 2414 μόνος,
1152 2336 1206 2400 sed
1223 2335 1311 2407 αὐτάρ
1327 2335 1403 2399 abii-

304 2445 448 2512 cieudum
472 2446 635 2511 videretur.
673 2447 711 2511 ln
734 2447 860 2531 reliquis
884 2448 1010 2532 legerim
1026 2451 1179 2529 ὠφελῆσαι
1195 2447 1313 2531 reliqua
1330 2441 1412 2510 cons

305 2558 454 2635 stituens‚
476 2565 513 2621 ut
532 2558 564 2621 in
584 2559 742 2623 codicibus
759 2566 848 2636 sunt,
866 2566 902 2623 ut
922 2559 998 2622 haec
1018 2560 1061 2622 sic
1073 2559 1243 2642 iungantur
1255 2559 1312 2636 οὐχ
1325 2555 1401 2629 deror

303 2669 424 2744 διενοήθη
456 2671 626 2747 ὠφελῆσαι,
658 2670 743 2734 άλλά
773 2670 1016 2747 παρεσκευάσατο
1043 2665 1119 2740 ὅπως
1144 2669 1340 2748 aruspicari,
1366 2669 1399 2730 in

303 2777 417 2862 quibus
440 2778 520 2842 nihil
544 2786 589 2842 eet
613 2780 766 2857 insolens,
796 2781 855 2844 nisi
881 2780 963 2864 quod
989 2787 1058 2864 post
1081 2782 1139 2860 οὐχ
1159 2777 1234 2850 ὅπως
1252 2785 1398 2860 (nontac-

303 2897 364 2955 tum
388 2895 457 2963 αοα)
488 2891 521 2954 in
545 2889 672 2976 apodosi
695 2913 757 2954 non
782 2890 866 2954 άλλοδ
889 2890 956 2968 καί,
983 2890 1035 2954 sed
1060 2890 1190 2977 simplex
1214 2889 1297 2953 άλλά
1319 2889 1404 2952 inve·

302 3001 388 3066 nitur
420 3000 484 3085 (sed
516 3001 554 3065 cf.
589 3003 641 3065 30.
675 3004 735 3078 26,
769 3000 856 3064 Dem.
890 3003 939 3064 19.
967 3003 1065 3085 265);
1090 3007 1197 3064 contra
1220 3001 1252 3063 in
1276 2999 1405 3082 vulgata

302 3113 434 3177 lectione
451 3113 596 3194 ὠφελήσει
614 3112 763 3197 impedita
779 3118 826 3175 est
842 3119 872 3175 et
889 3111 1038 3195 languida
1055 3110 1215 3183 verborum
1233 3109 1403 3174 cumulatio

304 3225 346 3308 (od
370 3223 510 3297 διενοήθη,
536 3219 628 3301 dnos,
654 3259 699 3272 --
721 3223 806 3286 άλλά
829 3221 1073 3301 παρεσκευάσατο
1098 3219 1173 3290 deror
1198 3223 1265 3303 -).

347 3335 440 3418 §21-
488 3334 578 3408 ε’κεθνν
610 3334 670 3414 γάρ
697 3332 789 3411 τούτῳ
812 3332 865 3410 μὲν
890 3333 1049 3406 ήπίστκσεν
1071 3331 1273 3394 άποθανοῦσαν
1296 3330 1404 3404 ἑαυτήν

303 3443 477 3525 ἐπιτρέψαι,
507 3445 677 3526 Ἀντιφάνει
701 3445 726 3509 δ’
750 3445 827 3509 οὐδὲν
852 3444 1030 3524 προςήκουσα
1054 3443 1260 3518 πιστεύσασα,
1284 3440 1402 3523 ἔδακεν,

303 3583 329 3620 α.
354 3580 382 3621 τ.
407 3557 428 3618 ἓ.
463 3554 613 3640 Taylorus
637 3562 668 3618 et
694 3553 896 3618 Marklandus
913 3553 1126 3638 praeferebant
1141 3553 1315 3632 προςήκοντι.
1341 3549 1402 3615 Sed

303 3691 339 3732 ea
362 3667 538 3731 coniectura
560 3667 638 3729 nihil
662 3688 740 3750 opus
765 3675 820 3728 est.
846 3664 974 3748 Saepius
991 3664 1072 3726 enim
1090 3664 1186 3727 Attici
1203 3663 1402 3747 participium

304 3778 480 3863 adiungunt
504 3777 659 3854 subiecto,
685 3777 767 3860 quod
792 3799 829 3839 ex
851 3775 1034 3838 Latinorum
1059 3781 1090 3837 et
1113 3784 1218 3837 nostra
1239 3781 1405 3836 consu-etn-

304 3891 375 3956 dine
406 3890 460 3953 alii
488 3886 609 3952 cuidam
634 3887 828 3951 substantivo
853 3885 1141 3950 accommodaveris.
1189 3884 1269 3947 Plat.
1295 3883 1402 3966 Symp.

307 4005 382 4066 181.
413 4003 458 4065 D:
494 3998 772 4083 (παρεσκευασμένοι
804 3998 884 4082 εἰσὶν)
912 4000 962 4061 οὐκ
992 3995 1237 4071 ἐξαπατήσαντες
1261 3995 1289 4056 ἐν
1312 3996 1404 4071 άφρο-

303 4113 373 4194 σθνρ
401 4112 586 4189 λαβόντες
617 4114 653 4182 ὡς
686 4109 758 4184 νεόν,
790 4107 1059 4185 καταγελάσαντες
1085 4106 1253 4186 οἰχήσεσθαι
1278 4107 1332 4186 (z
1350 4117 1403 4177 λή-

303 4220 444 4310 φθέντα).
490 4221 537 4285 Id.
570 4221 654 4284 Prot.
686 4223 760 4283 320.
794 4221 838 4282 A:
869 4227 1010 4298 Περικλῆς
1036 4217 1129 4287 δεδιὼς
1156 4215 1218 4291 περὶ
1244 4217 1335 4278 αὐτοῦ
1360 4217 1403 4288 μή

305 4335 449 4417 διαφθαρῇ
481 4335 513 4407 δή
534 4333 592 4407 ,ὑπ’
623 4329 827 4409 Ἀλκιβιάδου,
859 4329 1085 4397 ἀποσπάσας
1116 4325 1175 4388 άπὸ
1203 4324 1321 4401 τούτου,
1348 4347 1404 4386 κα-

305 4446 459 4529 ταθθροενος
491 4447 519 4514 ἕν
550 4443 715 4529 ’Λρθφρονοε
747 4440 881 4506 ἐπαίδευε
913 4441 967 4520 (z
990 4434 1242 4521 άποσπασθὲντα).
1279 4431 1326 4498 Of.
1352 4433 1402 4501 Id.
