3074 5210
678 435 718 500 ts

501 663 557 708 ΧΗ.
588 665 653 708 ΚΑΤ’
674 667 899 710 ΙΡΑΤΟΣΘΕΝΟΤΣ.

192 855 226 920 si
257 855 436 941 Alphonsus
472 852 594 918 Heeher
622 852 770 938 (deerat.
795 854 828 918 in
851 853 1007 919 Eratosth.
1030 853 1140 940 Lysiae
1164 854 1241 920 falso

142 967 287 1048 tributa,
313 988 414 1052 progr.
432 965 548 1050 Gymn.
565 964 652 1030 Leid.
670 987 696 1030 a.
717 967 902 1050 latr-48)
917 967 1108 1052 cognovisset
1122 965 1243 1034 Scheibi

143 1079 311 1156 libellum,
325 1115 334 1130 κ
348 1077 402 1162 qni
433 1076 626 1142 inscribitur:
660 1076 709 1144 die
739 1077 959 1164 oligarebische
982 1077 1183 1168 Umwtilnung
1205 1101 1243 1144 au

147 1191 276 1270 Athen,
309 1189 413 1276 Leipn.
447 1191 550 1268 1841,
575 1190 612 1256 de
636 1190 793 1256 nonnullis
817 1213 895 1276 quae
920 1190 959 1256 ad
981 1192 1243 1278 opportunitatem

147 1302 249 1366 huius
278 1301 423 1366 orationis
453 1301 623 1386 pertinent,
655 1300 782 1366 fortasse
810 1300 897 1366 aliter
920 1301 1124 1368 iudicavisset.
1171 1303 1245 1369 Era·

148 1413 313 1478 tosthenes
344 1419 374 1479 et
404 1411 504 1490 Phido
528 1434 564 1480 ex
586 1411 713 1496 triginta
736 1411 808 1476 viris
831 1412 863 1476 in
887 1412 1050 1498 collegium
1074 1413 1177 1480 decern
1200 1416 1243 1482 vi·

147 1546 278 1602 rorum,
304 1522 387 1609 quod
409 1523 589 1588 institutum
613 1545 648 1591 ea
671 1545 741 1610 spa,
766 1531 802 1587 ut
825 1522 904 1588 duae
920 1531 1021 1610 partes
1038 1524 1247 1592 Piraeensium

149 1643 184 1700 et
202 1640 260 1700 τῶν
279 1637 309 1700 ἐν
327 1635 411 1700 &aar
435 1635 688 1714 conciliarentur,
709 1634 817 1703 adsciti
838 1642 929 1713 sunt5
949 1637 1060 1721 reliqui
1073 1659 1109 1701 ex
1120 1639 1248 1723 triginta

149 1748 228 1822 piris
254 1745 400 1811 Eleusina
423 1753 653 1825 concesserunt,
678 1746 770 1813 rebus
794 1748 857 1816 suia
873 1746 1055 1813 diffidentes.
1090 1747 1247 1815 Libertate

151 1858 269 1923 deinde
285 1859 441 1937 restituta,
458 1859 675 1924 Eratosthenes
691 1869 722 1924 et
736 1859 848 1938 Phido,
862 1861 1000 1954 quamvis
1013 1859 1109 1926 altero
1122 1881 1246 1944 quoque

152 1971 340 2055 magistratu
363 1993 470 2058 parum
495 1994 526 2039 se
549 1970 705 2056 popularis
721 1971 841 2056 imperii
857 1971 990 2036 lautores
1007 1970 1246 2058 praestitissent,

153 2090 261 2148 tamen
294 2082 360 2146 ausi
391 2090 463 2146 sunt
494 2082 686 2149 clementiam
709 2082 820 2150 civium
844 2103 967 2148 suorum
992 2082 1137 2168 experiri,
1162 2081 1246 2165 quod

155 2192 353 2276 impunitatis
385 2191 446 2276 legi
478 2191 647 2258 decaducbi
677 2215 739 2257 non
770 2192 881 2258 exemti
904 2203 1013 2258 essent.
1048 2193 1127 2258 Turn
1150 2195 1246 2280 igitur

157 2304 285 2389 Lysias,
324 2304 494 2387 inquilinus
524 2306 672 2388 ἰσοτελής,
710 2304 921 2372 Eratosthenis
951 2305 1079 2370 audacia
1110 2305 1243 2370 oblatam

156 2415 217 2480 sibi
250 2415 510 2498 opportunitatem
542 2416 671 2500 arripuit
694 2415 862 2480 ulciscendi
885 2416 987 2480 fratris
1011 2416 1049 2481 ab
1073 2439 1109 2480 eo
1132 2416 1249 2482 indicta

156 2549 254 2592 causa
276 2525 436 2590 interlecti.
478 2526 699 2622 anuecausa
722 2528 823 2614 agitur
846 2536 1010 2612 antequam
1032 2527 1168 2606 Eleusis,
1186 2551 1247 2613 quo

157 2638 359 2724 perfugerant
381 2639 405 2702 oi
427 2637 598 2716 τρννέκνντν,
624 2646 714 2723 capta
735 2647 790 2702 est.
825 2637 1042 2703 Eratosthenes
1058 2647 1165 2707 utrum
1180 2661 1251 2704 con·

158 2749 324 2814 damnatus
347 2749 420 2834 luga
443 2749 502 2814 sibi
525 2749 687 2816 consulens
710 2749 837 2834 reliquis
861 2749 987 2833 triginta
1008 2750 1079 2813 viris
1096 2773 1127 2815 se
1144 2749 1252 2817 adiun-

158 2861 242 2925 xerit
258 2881 423 2943 eorumque
439 2859 595 2924 adversam
612 2867 723 2924 sortem
740 2861 781 2924 sit
797 2867 939 2945 expertus
947 2909 956 2938 ,
974 2883 1013 2924 an
1029 2882 1099 2924 vero
1119 2861 1250 2926 Athenis
1266 2943 1269 2951 Ι

161 2979 271 3057 postea
294 2971 483 3056 aliquamdiu
507 2971 633 3049 vixerit,
658 2993 720 3036 non
736 2971 834 3036 habeo
851 2971 959 3036 dicere.
996 2971 1110 3044 Verum
1129 2981 1250 3038 tantum

162 3080 308 3168 apparet,
334 3084 452 3148 etiamsi
477 3083 523 3148 vel
547 3084 676 3154 maxime
699 3083 751 3147 ille
775 3093 805 3146 et
828 3083 928 3148 Phido
952 3107 968 3146 e
991 3083 1181 3168 reliquorum
1197 3107 1252 3149 nu-

162 3216 249 3258 mero
281 3196 391 3259 exemti
420 3195 551 3272 fuerint,
583 3203 685 3261 tamen
716 3195 853 3279 potuisse
876 3194 1037 3279 scriptores
1066 3194 1103 3258 de
1127 3196 1254 3282 triginta

163 3306 291 3383 omnino
314 3306 437 3383 referre,
463 3327 557 3390 quoe,
583 3306 609 3368 si
630 3328 693 3369 rem
709 3304 870 3390 dihgenter
886 3305 1052 3388 exprimere
1068 3305 1252 3384 voluissent,

164 3418 205 3481 ad
230 3417 459 3501 duodetriginta
482 3417 668 3501 pertinerent
692 3416 782 3500 (Xan.
807 3403 889 3480 Hell.
912 3415 955 3480 ΙΙ.
981 3420 1011 3481 4.
1029 3419 1090 3494 38,
1112 3417 1252 3482 Philoeh.

165 3528 250 3612 apud
279 3528 426 3616 Harpoor.
459 3552 487 3594 v.
518 3535 652 3606 πομπεῖα
660 3577 669 3610 ,
700 3528 817 3593 Andoc.
846 3530 872 3591 l.
899 3530 959 3604 15,
985 3528 1040 3610 qui
1062 3550 1140 3612 quae
1163 3530 1255 3594 refert

166 3639 205 3704 de
229 3640 354 3716 attalicis
379 3639 487 3704 dandis
511 3640 665 3724 pertinent
689 3638 727 3716 ad
750 3640 815 3709 τοὺς
839 3636 955 3721 ἕνδεκα,
980 3660 1042 3702 non
1067 3638 1105 3702 ad
1128 3640 1256 3725 triginta

168 3752 271 3834 snos).
296 3749 355 3814 Sed
383 3751 490 3833 utique
514 3726 623 3815 habitai
643 3758 688 3814 est
710 3749 785 3812 haec
801 3749 897 3812 oratio
910 3755 981 3812 ante
997 3747 1172 3813 Eleusinem
1188 3772 1256 3836 eap-

165 3869 231 3932 tam
273 3869 304 3940 et
338 3861 548 3927 Eratosthenis
590 3860 721 3945 collegas
751 3861 944 3938 interfectos3
982 3859 1122 3926 futurum
1155 3869 1256 3946 sperat

168 3979 288 4050 orator,
320 3981 355 4045 ut
384 3973 421 4038 ab
452 3972 499 4038 his
529 3994 641 4057 poenas
676 3979 815 4056 repetant
846 3969 1065 4047 Athenienses,
1098 3971 1130 4034 in
1162 3993 1257 4056 qnam

170 4091 288 4170 partem
316 4083 399 4148 dicta
430 4084 543 4170 accipio
573 4085 669 4168 qne:
702 4082 761 4158 tlara
788 4083 883 4160 scrpta
905 4083 935 4145 ἕν
957 4076 978 4162 ᾧ
1001 4081 1045 4144 δεῖ
1062 4085 1145 4162 παρὰ
1168 4085 1253 4160 'Epa-

168 4194 314 4266 rocde'rcue
340 4193 390 4259 ccl
413 4201 468 4258 τῶν
490 4192 606 4260 ranconi
624 4192 823 4273 σννννρχόννων
846 4193 923 4268 δίκην
945 4192 1062 4270 λαβεῖν.
1109 4192 1151 4264 Et
1173 4215 1252 4277 quae

171 4305 211 4368 de
226 4305 352 4390 triginta
367 4306 439 4371 viris
455 4306 487 4373 in
503 4306 680 4370 universum
696 4305 771 4370 dicit
785 4307 803 4390 d
815 4306 871 4368 80:
888 4305 961 4381 μηδὲ
976 4303 1123 4384 παρόντας
1138 4307 1255 4392 ἀφῆτε,

171 4419 246 4496 μηδὲ
268 4425 320 4492 τῆς
343 4428 457 4502 rogia,
479 4417 495 4493 ἣ
518 4420 663 4502 rotrone
686 4418 832 4499 capitose
845 4425 891 4498 ,τῇ
915 4415 996 4482 πόλει
1022 4437 1074 4500 per
1095 4416 1260 4502 amplifica·
