3126 5210
854 479 916 543 172

341 677 488 762 leguntur
509 678 711 742 necessariam
727 677 885 742 continent
900 700 1021 742 morum
1037 679 1254 744 defensionem.
1279 675 1321 742 Et
1337 679 1445 763 primo

342 787 466 870 quidem
489 786 568 851 illud
590 787 705 852 refutat
728 788 841 852 crimen
863 809 951 864 reus,
976 787 1059 871 quod
1083 810 1120 852 ex
1144 787 1288 865 artificio,
1311 809 1377 872 quo
1399 786 1445 850 vi-

342 905 406 962 tam
428 898 622 982 aliquatenus
646 898 853 975 sustentabat,
875 899 1001 982 petitur,
1020 904 1057 961 ut
1074 898 1111 963 ab
1130 898 1219 962 initio
1236 900 1264 982 (q
1280 899 1311 981 6)
1329 920 1446 983 oppor-

342 1008 504 1072 tunitatem
530 1007 641 1072 habeat
663 1029 736 1072 suae
758 1008 838 1072 vitae
858 1007 1053 1072 enarrandae.
1083 1006 1176 1088 Quod
1191 1029 1228 1071 ex
1244 1008 1441 1092 equitatione
1543 1005 1544 1012 '

342 1116 481 1182 effecerat
514 1125 686 1197 accusator,
716 1141 802 1185 reum
834 1141 959 1204 corpore
990 1118 1088 1183 valere
1126 1123 1192 1201 (τῆς
1219 1124 1270 1184 τοῦ
1298 1118 1444 1195 educerer

341 1229 434 1308 triane
457 1230 474 1313 q
497 1231 543 1312 5),
567 1229 600 1293 id
623 1229 733 1294 callide
756 1230 919 1315 detorquet
941 1237 1046 1295 orator
1067 1233 1084 1314 q
1109 1233 1166 1306 10,
1192 1252 1252 1314 sq.,
1277 1251 1443 1314 opponens

342 1360 373 1403 se
398 1361 475 1424 equo
498 1339 567 1403 vehi
590 1345 714 1425 propter
737 1347 963 1426 paupertatem,
989 1341 1077 1424 quasi
1099 1339 1179 1404 illud
1198 1347 1346 1422 tanquam
1363 1361 1444 1424 opu·
1544 1357 1545 1360 ’

342 1448 454 1512 lentiae
480 1447 630 1512 iudicium
660 1456 819 1513 accusator
842 1450 1006 1514 attulisset.
1047 1449 1093 1513 De
1118 1449 1340 1513 consuetudine
1365 1471 1442 1526 oum

342 1557 478 1643 prodigis
509 1580 601 1642 agens
631 1561 648 1642 q
681 1561 738 1636 19,
771 1583 815 1644 sq.
850 1567 951 1624 astute
981 1561 1094 1625 vitium
1124 1581 1246 1637 eorum,
1270 1560 1325 1645 qui
1350 1583 1443 1624 suam
1545 1632 1546 1642 ἵ

343 1667 469 1732 domurn
491 1668 744 1754 frequentabant,
769 1671 919 1734 convertit
938 1670 971 1734 in
987 1692 1092 1761 ornnes
1109 1670 1328 1747 Athenienses,
1348 1671 1443 1754 quasi
1545 1669 1546 1686 ¹

343 1800 465 1855 omnes,
490 1779 545 1863 qui
567 1778 600 1840 in
622 1778 765 1842 tabernas
789 1779 828 1842 ad
852 1780 953 1844 iorum
969 1780 1130 1844 convenire
1147 1778 1295 1856 solerent,
1313 1780 1440 1843 eosdem

343 1911 441 1955 mores
472 1888 620 1953 haberent
650 1891 678 1974 (q
709 1893 770 1954 2οι
802 1890 869 1956 ὥστ’
903 1890 994 1963 εἴτις
1018 1915 1044 1957 κ.
1069 1914 1098 1956 τ.
1123 1892 1178 1975 ἓ),
1201 1891 1235 1954 in
1258 1911 1320 1973 quo
1344 1889 1441 1973 plane

343 1998 465 2084 Lysiam
489 2000 692 2083 agnoscimus.
736 1999 889 2085 Simplicis
913 2000 1045 2064 hominis
1069 2000 1292 2086 argumentatio
1316 2021 1352 2062 ea
1376 2007 1440 2075 est,
1546 1991 1547 2050 l

343 2131 405 2194 qua
435 2131 472 2173 ex
502 2110 678 2173 coniectura
706 2109 744 2173 de
773 2132 825 2188 eo,
851 2110 934 2194 quod
957 2117 1165 2176 accusatorem
1188 2108 1354 2194 aliquando
1378 2109 1442 2172 fac-

344 2226 448 2283 turum
478 2219 572 2284 fuisse
603 2227 841 2285 cousentaneum
874 2229 969 2300 esset,
995 2229 1141 2307 tauquam
1165 2245 1201 2286 ex
1223 2244 1256 2286 re
1279 2221 1317 2286 ab
1340 2220 1442 2284 omni-

343 2329 401 2394 bus
432 2352 575 2394 concessa
598 2338 812 2415 argumentum
837 2333 951 2417 petitur
975 2335 1002 2418 (b
1025 2336 1074 2416 9),
1100 2332 1183 2418 quod
1208 2352 1399 2418 quamquam
1424 2353 1442 2393 a

342 2439 462 2524 vulgari
492 2441 602 2527 Lysiae
632 2444 750 2508 ratione
781 2465 844 2508 non
876 2444 1037 2522 abhorret,
1068 2452 1170 2508 tamen
1193 2444 1343 2508 hocloco
1367 2461 1442 2505 con·

343 2549 425 2614 sulto
449 2551 486 2616 ab
511 2574 546 2616 eo
570 2553 684 2619 facturn
708 2561 783 2638 puto
807 2554 846 2618 ad
869 2554 963 2618 huius
985 2555 1128 2620 οὶδννοένον
1151 2551 1310 2638 ingenium
1326 2551 1442 2616 descri-

342 2660 494 2737 bendum;
530 2661 637 2727 eodem
672 2663 799 2727 consilio
832 2664 878 2727 bis
909 2663 1090 2728 familiarem
1120 2663 1179 2728 sibi
1210 2662 1439 2748 oppositionem
1548 2743 1549 2752 ἵ

342 2771 422 2834 inter
452 2794 543 2836 uuum
574 2774 628 2855 qui
659 2773 842 2857 persuadeat
865 2783 897 2837 et
919 2797 1018 2840 omues
1041 2775 1094 2858 qni
1117 2795 1204 2838 secus
1228 2774 1362 2838 sentiant
1385 2773 1440 2836 ad·

343 2881 447 2945 hibuit
476 2883 494 2967 q
518 2885 575 2947 13:
608 2889 740 2949 rauciret
764 2885 793 2948 δὲ
817 2886 976 2966 διενήνοχεν
998 2873 1203 2966 deuteguardi
1217 2889 1273 2949 τῶν
1296 2884 1440 2948 ἁπάντων

341 2992 509 3070 ἀνθρώπων,
533 2990 597 3057 uet'
622 2994 701 3070 ὑμᾶς
725 2999 861 3074 crespulum
885 2996 1005 3070 uellera,
1031 2996 1181 3067 τοσούτους
1204 2996 1303 3075 ὄντας,
1322 2989 1363 3064 εἷς
1381 2995 1437 3075 ὤν,

341 3103 377 3173 ὥς
400 3105 450 3168 οὐκ
473 3104 531 3181 εἰμὶ
555 3110 611 3168 τῶν
635 3103 783 3168 ἀδυνάτων
807 3105 874 3180 ἐγώ.
900 3105 938 3168 cl.
961 3106 979 3189 q
1002 3107 1055 3168 22.
1088 3103 1147 3168 His
1173 3104 1285 3168 similia
1307 3102 1369 3168 alia
1383 3124 1440 3168 no·

341 3212 473 3275 terimus
495 3212 529 3276 in
551 3211 644 3296 Lysia
668 3213 706 3277 ad
731 3216 783 3277 20.
812 3216 870 3290 10,
895 3213 967 3277 add.
992 3217 1044 3278 30.
1070 3217 1112 3277 32
1130 3221 1161 3277 et
1177 3217 1229 3277 31.
1247 3216 1300 3278 31.
1329 3211 1439 3276 Faten-

342 3319 416 3386 dum
441 3331 487 3387 est
511 3324 568 3388 hoc
592 3333 808 3410 argumentum
831 3347 896 3389 esse
920 3325 1085 3389 admodum
1110 3325 1239 3410 simplex
1262 3324 1438 3398 etsiliceat

342 3434 497 3520 quendam
520 3435 665 3520 prodere;
690 3443 791 3499 orator
811 3436 905 3500 sumit
923 3443 1070 3520 tanquam
1087 3443 1219 3510 certum,
1237 3456 1343 3510 ornnes
1358 3432 1439 3497 iudi·

342 3566 389 3608 ces
421 3545 479 3610 sibi
503 3545 620 3624 favere,
646 3553 676 3611 et
700 3547 775 3611 adeo
799 3569 907 3611 causae
931 3546 1058 3611 confidit
1081 3569 1174 3624 suae,
1198 3552 1234 3608 ut
1258 3545 1360 3608 animo
1383 3542 1438 3607 fin·

341 3676 411 3740 gere
444 3675 507 3719 non
543 3659 655 3740 possit,
689 3679 877 3742 quemquam
910 3680 980 3720 curn
1011 3657 1183 3720 adversario
1206 3655 1305 3719 facere
1328 3675 1435 3739 posse,

342 3764 595 3850 disceptationem
618 3766 655 3832 de
676 3767 742 3831 iure
760 3766 916 3852 postulare
932 3767 1105 3832 libertatem
1120 3762 1340 3850 persuadendi,
1358 3763 1434 3828 adeo

342 3875 533 3940 obliviscitur
561 3885 597 3940 ut
625 3878 787 3963 impudens
811 3880 839 3942 ei
863 3878 1019 3955 videatur,
1044 3878 1098 3960 qui
1122 3875 1304 3963 persuadere
1327 3874 1434 3940 iudici·

341 3985 398 4051 bus
422 3993 559 4050 conetur.
602 3987 662 4052 Sed
686 3989 827 4053 consulto
851 3988 912 4052 tale
936 3987 1012 4074 quid
1035 3987 1108 4052 huic
1130 3986 1250 4052 homini
1273 3985 1433 4070 adscripsit

341 4095 467 4181 Lysias,
493 4103 601 4182 utpote
625 4099 689 4162 eius
713 4099 837 4182 ingenio
862 4099 951 4162 unice
975 4095 1246 4161 accommodatum.
1282 4094 1434 4179 Simplicis

341 4207 438 4290 igitur
470 4207 601 4271 hominis
634 4215 741 4292 pectus
765 4215 795 4272 et
819 4210 988 4273 orationem
1013 4209 1176 4293 expressit,
1201 4206 1253 4271 sed
1276 4207 1353 4269 latet
1377 4204 1432 4268 sub

341 4317 401 4380 hoc
425 4317 514 4401 quasi
538 4317 652 4382 amictu
676 4317 844 4397 calliditaa;
874 4327 904 4384 et
927 4319 1016 4383 facile
1040 4318 1133 4382 animi
1157 4317 1215 4381 sub
1231 4316 1323 4401 vulpe
1339 4314 1432 4380 laten·

342 4432 388 4490 tes
412 4425 529 4490 iudices
553 4435 694 4512 poterant
719 4427 866 4515 decipere.
