3128 5208
798 361 932 474 rev

275 613 368 694 Quod
399 619 561 697 antequam
598 611 666 695 quis
689 612 801 675 falsum
824 633 888 676 esse
912 611 1115 692 demonstret,
1140 611 1280 696 equidem
1304 608 1376 694 Ly-

276 727 353 802 siae,
378 725 408 788 id
434 734 479 788 est
502 723 582 787 bono
596 723 709 787 oratori
720 722 799 787 hanc
815 723 982 788 orationem
998 723 1167 788 adscribere
1178 745 1239 787 non
1252 720 1373 784 auden.

619 978 649 1020 X.
680 985 755 1024 ΚΑΤΑ
778 987 971 1028 ΘΕΟΜΝΗΣΤΟΤ
991 978 1024 1024 Ast

321 1167 427 1232 Oratio
451 1167 533 1252 prior
556 1167 588 1230 in
610 1166 849 1232 Theomnastum
871 1167 910 1232 ad
926 1169 1056 1253 optimas
1071 1169 1181 1255 Lysiae
1197 1169 1373 1234 referenda.

275 1280 496 1344 Theomnestus
529 1279 611 1363 quod
638 1285 759 1343 scutum
782 1280 815 1343 in
839 1280 955 1364 proelio
980 1281 1140 1346 abiecisset
1163 1289 1323 1346 accusatus
1350 1304 1373 1342 a

275 1390 422 1476 Lysitheo
454 1413 490 1454 ex
520 1390 573 1453 illo
605 1389 718 1454 indicio
742 1391 860 1476 integer
884 1399 1028 1456 evaserat.
1077 1393 1148 1473 Quo
1172 1402 1283 1458 eventu
1306 1393 1371 1456 iste

278 1503 375 1566 elatus
406 1502 607 1587 Dionysium,
639 1525 730 1588 quem
760 1502 926 1588 Lysitheus
957 1511 1066 1568 testem
1097 1503 1294 1581 adhibuerat,
1319 1525 1398 1584 ca-,

277 1614 410 1682 lumniae
427 1621 620 1678 accusaverat
636 1615 662 1699 (t
682 1617 739 1692 lt,
758 1618 817 1692 24,
835 1637 899 1699 sq.,
918 1618 981 1700 30),
1000 1597 1077 1699 puae
1093 1638 1140 1679 res
1152 1615 1208 1693 illi,
1222 1615 1372 1686 damnato

277 1725 426 1810 Dionysio
443 1725 533 1789 nimis
550 1737 679 1790 cesserat
690 1726 819 1790 feliciter
831 1728 858 1812 (d
870 1729 930 1804 tl,
946 1729 1009 1812 22).
1034 1726 1209 1812 Ignominia
1222 1725 1374 1791 commili-

277 1830 359 1902 tonis
376 1858 519 1900 accensus
536 1858 619 1901 nunc
636 1837 735 1922 surgit
749 1837 782 1901 in
798 1837 1038 1902 Theomnastum
1054 1845 1212 1902 accusator
1224 1837 1348 1922 quidam
1360 1893 1373 1920 ‚

279 1949 366 2014 cuius
385 1970 496 2012 nomen
517 1949 688 2026 nescimus,
707 1949 894 2033 eandemque
905 1949 958 2013 isti
970 1951 1120 2014 actionem
1141 1950 1314 2014 calumniae.
1325 1949 1376 2012 in-

279 2061 395 2139 tendit,
415 2062 498 2146 quod
512 2061 710 2146 parricidium
726 2063 787 2149 ipsi
804 2061 973 2126 obiecisset.
998 2062 1092 2142 Quod
1109 2061 1303 2148 opprobrium
1317 2061 1375 2124 ille

279 2175 337 2238 hac
352 2175 385 2238 in
401 2173 639 2237 Theomnastum
654 2173 798 2237 instituta
814 2175 1005 2239 accusatione
1022 2173 1177 2238 evidenter
1193 2179 1223 2237 et
1238 2173 1376 2258 graviter

279 2285 399 2350 refellit.
424 2283 651 2369 Indignationis
675 2291 706 2348 et
727 2284 804 2348 insti
828 2283 919 2370 plena
942 2283 1056 2348 doloris
1080 2291 1126 2348 est
1149 2285 1264 2361 oratio,
1284 2283 1373 2369 quod

280 2398 334 2482 qui
365 2401 490 2483 propter
520 2407 625 2457 verum
656 2394 769 2458 crimen
797 2393 935 2479 ignaviae
959 2395 1019 2479 ipsi
1041 2394 1194 2459 obiectum
1218 2395 1311 2458 alium
1335 2395 1372 2458 in

281 2508 485 2573 calamitatem
508 2507 700 2592 proiecisset,
726 2505 784 2570 sibi
808 2506 899 2570 licere
922 2513 1011 2592 putet
1033 2508 1160 2593 impune
1184 2507 1280 2572 multo
1302 2529 1372 2591 gra-

280 2621 348 2683 vius
360 2617 514 2704 parricidii
527 2617 724 2703 opprobrium
736 2617 769 2681 in
781 2616 987 2682 adversarium
999 2618 1156 2683 coniicere.
1185 2618 1367 2698 ‚,Hancine,

281 2731 384 2816 inquit
415 2732 441 2815 (p
475 2730 544 2814 14),
576 2736 612 2792 tu
641 2728 769 2813 gratiam
798 2729 892 2794 refers
915 2729 1049 2807 civitati,
1074 2751 1151 2813 quae
1175 2737 1205 2794 te
1229 2753 1245 2794 e
1269 2729 1370 2814 priore

282 2842 418 2922 „iudicio
450 2841 568 2906 salvum
592 2848 622 2905 et
644 2842 799 2928 integrum
822 2841 956 2921 dimisit,
990 2850 1027 2907 ut
1048 2843 1106 2907 tihi
1130 2843 1198 2906 aliis
1221 2841 1370 2906 insultan-

281 2955 377 3034 „dum
409 2960 498 3040 putes
507 2953 540 3016 ?''
588 2953 705 3019 Acerba
738 2959 812 3018 sunt
845 2953 898 3018 illa
932 2956 960 3040 (d
990 2956 1061 3040 23):
1087 2975 1164 3034 „cur
1188 2977 1244 3040 ego
1268 2954 1370 3019 minus

283 3067 456 3152 „gratiosus
487 3066 544 3130 sim
574 3065 678 3144 vobis,
710 3065 849 3130 iudices?
880 3088 955 3131 num
979 3065 1060 3150 quod
1084 3086 1146 3129 non
1170 3086 1226 3150 ego
1250 3068 1298 3150 (ut
1320 3065 1372 3129 ad-

281 3179 465 3264 „versarius)
489 3179 579 3243 armis
603 3179 666 3265 ipse
695 3177 819 3242 abiectis
843 3199 952 3242 accuso
975 3176 1068 3240 fortes
1091 3177 1172 3240 viros
1196 3177 1250 3261 qui
1273 3200 1370 3242 serva·

283 3298 416 3372 „verunt
425 3291 458 3354 ?''
505 3290 635 3356 Gravem
658 3290 731 3355 haec
756 3290 913 3354 continent
933 3287 1070 3353 iudicum
1085 3287 1370 3373 reprehensionem

282 3428 338 3471 nec
362 3414 507 3488 tanquam
532 3403 660 3489 supplex
684 3409 786 3487 petere
809 3402 846 3465 ab
870 3401 934 3466 illis
958 3400 1120 3485 dignatur,
1145 3398 1198 3464 sed
1220 3401 1370 3485 imperare

285 3516 405 3580 videtur
433 3513 596 3579 iudicibus.
635 3513 729 3592 ,‚Bis,
760 3514 876 3598 inquit,
901 3512 1109 3576 testimonium
1133 3510 1197 3576 dixi
1218 3511 1251 3576 in
1274 3510 1371 3576 Theo·
1425 3529 1429 3537 ’

283 3633 475 3706 „mnestum;
499 3623 637 3689 nondum
660 3625 739 3688 enim
764 3646 907 3688 noveram
930 3646 1042 3708 poenas
1055 3646 1108 3688 vos
1124 3623 1262 3708 infligere
1273 3623 1305 3687 in
1318 3645 1370 3688 eos

284 3740 361 3824 „qui
391 3737 466 3802 alios
498 3759 580 3800 arma
602 3736 796 3822 proiicientes
820 3735 985 3813 vidissent,
1009 3735 1165 3820 ignoscere
1190 3742 1291 3799 autem
1314 3734 1371 3812 iis,

285 3851 361 3934 „qui
392 3849 450 3935 ipsi
482 3848 679 3933 proiecissent
706 3850 734 3933 (p
757 3847 842 3932 30).”
888 3846 1059 3912 Prudenter
1082 3847 1172 3910 etiam
1196 3867 1286 3911 omne
1308 3869 1374 3930 per·

285 3962 403 4046 fugium
428 3959 511 4045 quod
535 3983 570 4024 ex
594 3960 679 4024 verbi
702 3957 869 4042 ἀνδροφόνος
894 3958 1144 4044 interpretatione
1159 3963 1259 4021 tentat
1277 3956 1374 4020 Theo-

285 4081 438 4150 mnestus,
471 4071 636 4157 praecidit;
668 4063 740 4136 nani
770 4094 864 4155 quum
894 4071 944 4134 lex
975 4069 1063 4134 illum
1094 4069 1264 4133 calumniae
1286 4091 1398 4132 reum·

286 4185 502 4271 pronunciaret
537 4185 592 4268 qni
632 4184 762 4248 alterum
795 4183 962 4265 ἀνδροφόνον
997 4181 1196 4267 appellasset,
1229 4180 1373 4246 obiiceret

287 4303 388 4360 autem
419 4296 607 4360 adversarius
638 4318 700 4359 non
730 4318 765 4359 eo
792 4294 884 4359 verbo
908 4317 939 4357 se
962 4315 1052 4356 usum
1076 4315 1158 4370 sese,
1183 4292 1236 4357 sed
1259 4291 1371 4356 dixisse

287 4410 473 4497 dramatum
496 4409 546 4474 τὸν
568 4409 681 4488 ποντέροι
704 4415 928 4484 accusatorem,
952 4406 1004 4471 ille
1027 4406 1126 4490 prisca
1148 4405 1240 4470 verbe
1261 4427 1297 4468 ex
1320 4426 1371 4470 an·
