3128 5208
849 520 870 579 l

323 727 451 790 ritorum
480 725 633 804 iudicum,
666 726 720 811 qui
749 725 781 788 in
812 725 878 788 iure
909 723 1043 789 dicundo
1073 731 1202 790 aetatem
1224 732 1344 803 terunt,
1368 731 1400 789 et

324 837 377 901 ubi
409 838 542 900 accusati
564 859 650 900 suam
671 835 731 921 ipsi
754 857 876 899 causam
900 835 1023 914 dicunt,
1049 838 1159 922 quibus
1182 839 1208 902 si
1231 837 1398 922 contingit,

325 956 358 1011 111
388 972 418 1012 aa
449 949 594 1033 probent,
618 948 709 1014 simul
732 972 848 1013 caueam
870 947 1091 1032 probaverunt,
1115 949 1228 1015 talibiis
1250 950 1345 1034 igitur
1367 951 1398 1014 in

322 1059 495 1122 civitatibus
526 1059 602 1122 nihil
636 1058 726 1123 debet
760 1059 873 1122 oratori
908 1060 1064 1145 antiquius
1097 1061 1210 1141 videri,
1242 1084 1333 1148 quam
1363 1070 1399 1124 ut

298 1170 462 1234 vconciliet
490 1169 602 1235 dicenti
631 1170 767 1234 iudicum
797 1171 930 1248 animos,
963 1193 1122 1257 moresque
1153 1173 1181 1237 ci
1209 1172 1360 1238 adscribat
1383 1169 1410 1235 a

321 1281 426 1346 fraude
453 1289 484 1345 et
506 1281 576 1345 dolo
600 1281 723 1346 alienos.

365 1391 453 1456 Vidit
483 1393 540 1457 hoc
571 1415 650 1458 unus
680 1394 713 1457 in
743 1394 847 1478 paucis
876 1391 993 1478 Lysias.
1038 1393 1080 1457 111
1110 1401 1145 1458 ut
1175 1394 1401 1460 commendaret

239 1495 240 1500 ¹
279 1559 282 1568 .
322 1503 472 1583 dicentes,
505 1504 611 1569 subtili
641 1504 804 1569 admodum
827 1511 858 1569 et
881 1513 969 1569 acuto
991 1506 1116 1569 invento
1139 1513 1320 1571 consecutus
1343 1513 1400 1570 est.

322 1615 472 1680 Ornatum
502 1615 660 1680 verborum
691 1622 722 1680 et
744 1638 886 1703 pompam
909 1617 1145 1696 sententiarum,
1170 1639 1248 1702 quac
1270 1617 1402 1682 adversis

322 1727 472 1791 frontibus
504 1726 627 1792 candori
659 1735 689 1792 ct
719 1729 885 1792 sinceritati
916 1730 1055 1813 opposita
1085 1735 1174 1807 sunt,
1197 1751 1260 1793 non
1282 1734 1402 1792 tantum

322 1838 427 1903 sedulo
452 1839 574 1916 vitavit,
600 1838 652 1902 sed
675 1861 770 1923 quum
793 1839 975 1924 perspiceret
997 1838 1088 1903 verba
1111 1861 1188 1923 quae
1209 1861 1289 1903 unus
1312 1862 1328 1902 e
1351 1861 1403 1924 po·

323 1949 396 2034 pulo
430 1950 562 2035 proferre
595 1958 713 2035 posset,
749 1949 867 2014 facilem
897 1951 1031 2015 invenire
1062 1973 1234 2028 assensum,
1259 1951 1402 2034 quoniam

323 2060 424 2124 studio
455 2068 486 2124 et
515 2060 722 2139 meditationi,
755 2063 819 2126 sine
850 2062 959 2147 quibus
988 2063 1070 2127 fraus
1092 2062 1177 2128 nulla
1200 2084 1264 2125 esse
1287 2062 1400 2145 possit,

195 2166 199 2172 ’
323 2173 471 2236 contraria
494 2173 571 2250 sint,
596 2172 720 2257 stupido
742 2173 875 2252 homini,
900 2180 932 2237 at
955 2173 1051 2253 bono,
1076 2174 1102 2237 si
1125 2180 1286 2264 quaeratur
1309 2170 1346 2235 de
1366 2195 1401 2234 eo

323 2283 405 2366 quod
435 2284 548 2347 factum
579 2285 636 2364 sit,
660 2285 779 2348 facilius
803 2284 884 2350 credi
907 2307 998 2371 quam
1020 2287 1182 2351 exercitato
1206 2292 1236 2348 et
1259 2290 1399 2361 versuto,

322 2394 364 2457 ita
392 2393 479 2457 finxit
507 2395 640 2460 dicentes
663 2397 812 2474 sinceros,
837 2397 1048 2481 simplicesque
1071 2402 1102 2459 et
1124 2403 1259 2480 apertos,
1278 2402 1314 2458 ut
1334 2394 1403 2459 sub·

322 2506 418 2591 inepti
441 2507 559 2591 saepius
582 2508 653 2571 sint.
700 2506 787 2588 Quae
819 2508 1012 2594 proferuntur
1035 2509 1144 2594 partim
1171 2516 1244 2572 sunt
1265 2508 1309 2571 ita
1331 2508 1404 2571 trita

323 2623 354 2680 11
383 2617 534 2701 vulgaria,
564 2626 600 2682 ut
622 2619 659 2682 iis
682 2641 745 2682 non
768 2641 844 2704 opus
868 2619 960 2683 fuisse
984 2641 1077 2703 paene
1100 2618 1222 2682 dixeris.
1269 2619 1327 2682 Ast
1349 2619 1403 2682 illa

323 2728 499 2813 simplicitas
530 2736 649 2793 tantum
677 2730 778 2807 abest,
804 2736 840 2794 ut
863 2731 973 2814 pignus
997 2730 1038 2793 sit
1060 2730 1213 2808 veritatis,
1238 2737 1273 2794 ut
1297 2736 1403 2794 contra

309 2847 493 2930 comparata
527 2841 567 2904 sit
597 2840 636 2904 ad
666 2839 844 2905 irretiendos
875 2841 1046 2918 1111111ο111,
1078 2843 1147 2925 qui,
1180 2840 1253 2905 dum
1283 2847 1402 2905 tantum

323 2958 402 3016 certe
433 2951 619 3030 concedunt,
651 2959 685 3016 ut
714 2952 831 3018 homini
858 2952 985 3017 ridiculo
1009 2953 1153 3030 fortasse,
1178 2952 1230 3017 sed
1254 2950 1401 3038 simplici,

322 3063 385 3126 veri
400 3063 536 3127 studium
556 3063 744 3142 adscribant,
765 3065 803 3128 ad
819 3066 955 3151 captiosa
974 3088 1080 3150 parum
1096 3065 1267 3130 attendunt.
1292 3063 1403 3145 Quem-

321 3173 485 3237 admodum
519 3176 672 3239 Antonius
707 3197 824 3261 semper
857 3177 1021 3261 imparatus
1056 3175 1094 3240 ad
1128 3175 1289 3240 dicendum
1323 3196 1403 3238 acce-

321 3285 391 3350 dere
414 3285 587 3365 videbatur,
611 3286 664 3351 sed
687 3287 730 3351 ita
753 3294 816 3351 1111
844 3295 982 3372 paratus,
1007 3294 1043 3350 ut
1066 3287 1181 3350 iudices
1207 3286 1261 3350 illo
1284 3285 1403 3350 dicente

320 3419 549 3481 nonnumquam
571 3396 746 3461 viderentur
768 3420 829 3461 non
854 3398 926 3462 11111
950 3397 1046 3483 parati
1070 3395 1107 3460 ad
1128 3394 1296 3460 cavendum
1310 3396 1402 3460 luisse

320 3508 394 3593 (011.
418 3509 506 3574 Brut.
529 3513 546 3595 q
572 3512 663 3595 139),
696 3510 739 3574 sic
766 3509 910 3594 Lysiacae
933 3531 1079 3594 personae
1105 3507 1220 3592 (licebit
1242 3507 1322 3572 enim
1345 3507 1403 3570 hoc

319 3621 465 3685 vocabulo
496 3621 554 3706 uti)
577 3622 620 3686 ita
643 3627 716 3685 sunt
738 3622 904 3706 simplices,
930 3629 965 3685 ut
987 3628 1089 3684 tamen
1113 3619 1192 3683 clam
1215 3642 1247 3684 se
1269 3619 1302 3683 in
1323 3617 1402 3681 iudi·

320 3755 389 3796 cum
423 3733 671 3819 approbationem
699 3735 856 3798 insinuent
887 3740 917 3798 et
948 3754 1102 3798 assensum
1133 3731 1218 3816 quasi
1251 3731 1400 3794 furentur.

320 3843 427 3928 Neque
459 3844 539 3908 enim
563 3844 725 3928 quaerebat
746 3845 799 3909 ille
822 3844 1067 3921 admirationem,
1092 3841 1145 3906 sed
1167 3848 1288 3906 tantum
1310 3863 1402 3906 causa

320 3963 356 4020 ut
379 3956 566 4042 probaretur.

364 4067 410 4131 Ea
443 4074 544 4133 autem
578 4067 756 4153 simplicitas
790 4074 822 4131 et
855 4068 947 4131 animi
981 4065 1093 4130 candor
1128 4063 1228 4129 studio
1262 4085 1280 4126 a
1309 4061 1402 4146 Lysia

222 4167 228 4174 ¹
321 4180 455 4264 quaesita
478 4187 566 4257 sunt,
590 4201 652 4245 non
676 4186 784 4265 sponte
805 4180 957 4264 exipsius
977 4176 1400 4263 ingeniolluxerimt3neque

320 4291 401 4354 enim
427 4313 544 4376 semper
565 4312 710 4376 personae
738 4292 802 4356 11111
826 4298 899 4354 sunt
922 4290 1071 4374 simplices
1095 4287 1223 4370 (fallea)
1246 4290 1276 4348 et
1299 4289 1400 4346 astuta

320 4401 537 4466 demonstratio
572 4423 633 4467 non
668 4401 752 4466 deest
782 4423 837 4466 nec
866 4401 1016 4465 malitiosa
1045 4399 1148 4482 legum
1177 4393 1396 4479 interpretatio.

320 4511 379 4575 Sed
411 4513 529 4578 etiamsi
563 4521 626 4578 arte
657 4514 736 4578 hanc
766 4514 897 4599 speciem
926 4514 988 4578 suis
1012 4509 1185 4576 hominibus
1208 4506 1397 4582 conciliavit,
