3074 5210
831 489 873 552 90

309 683 434 767 respicit
467 681 505 744 ad
543 705 633 748 unum
664 684 742 749 illud
771 687 869 766 λέγειν
896 693 1071 770 acassam
1105 701 1258 777 praeterea
1289 696 1314 758 si
1348 694 1400 760 ibi

310 793 477 871 omittitur,
493 795 591 860 multo
607 799 720 863 rectius
735 801 917 866 terminatur
932 807 1091 869 sententia.
1116 805 1276 871 Sumentes
1293 813 1400 872 τοῦτο

308 903 375 970 loco
398 927 454 968 suo
474 913 593 971 motum
609 931 688 987 esse,
706 910 824 976 duabus
839 902 997 980 medemur
1012 915 1252 982 difficultatibus
1281 917 1397 982 Trans-

269 1069 275 1086 .
307 1015 484 1100 ponendum
506 1026 581 1102 puto
605 1027 673 1105 post
695 1022 798 1089 aetra.

352 1130 369 1212 p
392 1130 443 1194 27.
488 1129 571 1195 data
594 1134 647 1208 μὲν
670 1132 715 1210 δή,
739 1159 766 1198 κ.
791 1160 816 1200 τ.
835 1136 858 1199 ἑ.
904 1134 990 1202 Non·
1006 1146 1076 1222 apte
1099 1138 1173 1203 haec
1196 1147 1324 1205 nectunt
1347 1164 1397 1206 se-

308 1240 432 1325 quentia
455 1241 679 1326 superioribus,
704 1244 789 1310 nulla
812 1253 859 1310 est
882 1248 963 1312 euim
986 1249 1142 1334 oppositio
1149 1276 1159 1328 ;
1182 1252 1215 1315 iu
1240 1274 1406 1338 praegres‘

307 1351 348 1416 sis
380 1361 536 1418 enumerat
568 1376 689 1434 causas,
722 1379 777 1421 cur
799 1359 936 1445 Agorato
959 1361 1135 1426 abeundum
1158 1363 1267 1440 fuerit5
1292 1365 1325 1428 in
1348 1376 1398 1430 se·

225 1517 227 1521 .
306 1464 471 1549 quentibus
503 1487 608 1530 causas
638 1469 814 1535 remanendi
844 1493 923 1556 quae
946 1472 1014 1536 aliis
1038 1473 1169 1553 fuerint,
1194 1475 1266 1540 huic
1289 1475 1395 1539 nullas

306 1577 399 1640 fuisse
430 1576 580 1656 ostendit;
613 1586 693 1644 recte
721 1604 752 1644 se
776 1581 902 1648 haberet
924 1585 1008 1649 aaut
1030 1585 1083 1662 μὲν
1106 1585 1155 1662 δή,
1179 1587 1205 1649 si
1228 1583 1395 1650 referretur

306 1709 384 1772 quae
411 1696 447 1752 ut
477 1689 609 1754 Athenis
637 1700 773 1758 maneret
803 1695 938 1780 Agorato
973 1696 1100 1761 suadere
1123 1705 1264 1782 possent,
1288 1677 1324 1763 ut
1346 1721 1395 1763 re-

306 1799 506 1884 sponderetur
522 1800 560 1865 ad
573 1803 841 1889 interrogationem
853 1829 944 1892 supra
957 1810 1095 1893 positam.
1119 1808 1244 1890 „Quare
1256 1810 1393 1888 tandem,

304 1911 424 1996 inquit,
448 1913 631 1978 manebas?”
665 1914 758 1982 Nunc
780 1927 952 2003 exspectes:
977 1943 1068 1999 „aum
1095 1930 1214 2007 poteras
1231 1923 1314 1987 abire
1326 1923 1394 1986 sine

304 2023 459 2102 „civitatis
488 2026 649 2092 amissione
676 2038 706 2092 et
728 2038 813 2093 metu
836 2032 988 2095 cruciatus
1010 2032 1188 2110 liberatus'',
1212 2056 1291 2098 non:
1316 2037 1397 2111 „sed

304 2141 447 2219 „poteras
462 2137 538 2200 —’'.
585 2136 686 2202 Sensit
722 2139 778 2204 hoc
805 2141 947 2206 Reishius
971 2145 1025 2229 qui
1047 2145 1131 2210 ettad
1154 2146 1213 2224 γὰρ
1237 2143 1270 2219 δή
1292 2144 1394 2228 requi-

303 2247 361 2324 rit;
386 2246 440 2311 sed
463 2250 589 2335 propius
613 2250 650 2314 ad
668 2251 816 2316 librorum
827 2253 990 2318 lectionem
1006 2254 1123 2318 accedit
1139 2253 1283 2332 Cobetus,
1300 2277 1393 2340 quem

304 2379 373 2422 vere
396 2360 555 2425 emendare
579 2363 687 2446 opinor
709 2365 792 2428 stand
815 2366 868 2442 μὲν
895 2366 928 2440 δὴ
951 2368 1008 2446 οὐχ
1028 2363 1111 2443 ὅμοιοι
1131 2365 1204 2447 γάρ,
1229 2366 1392 2451 inquibus

304 2469 382 2544 nihil
404 2480 557 2538 mutatum
581 2497 673 2560 quam
697 2476 779 2560 quod
801 2475 860 2558 γάρ
883 2501 938 2562 pro
957 2478 995 2556 γε’
1012 2478 1215 2543 substitutum
1232 2483 1277 2542 est
1291 2476 1391 2561 (Orat.

304 2580 342 2644 de
370 2589 434 2646 arte
465 2584 589 2670 interpr.
621 2609 651 2670 p.
687 2588 753 2668 97).
800 2586 849 2651 Ita
879 2588 963 2652 stand
993 2589 1046 2666 μὲν
1077 2589 1109 2664 δή
1143 2588 1180 2653 ad
1208 2588 1392 2652 sententiam

304 2715 386 2759 nuuc
409 2695 533 2780 quidem
556 2721 765 2783 suppressam,
788 2707 895 2784 postes
918 2701 1055 2765 additam
1079 2703 1143 2785 (‚,at
1167 2701 1247 2765 enim
1270 2721 1339 2764 vero
1356 2709 1393 2764 tu

304 2827 446 2882 „manere
477 2807 632 2893 volebas’')
664 2810 850 2888 referuntur,
883 2819 913 2874 et
942 2833 996 2896 per
1026 2810 1085 2891 γοὶρ
1116 2833 1185 2876 cum
1207 2811 1269 2875 leui
1291 2811 1392 2875 ironia

304 2938 395 2980 causa
418 2917 551 2984 affertur.
598 2919 734 3006 Longior
757 2921 803 2985 fui
825 2923 858 2986 in
879 2921 1088 3007 impugnanda
1103 2922 1228 3008 vulgata
1243 2921 1390 3000 lectione,

304 3028 387 3111 quod
410 3051 476 3094 eam
499 3055 517 3095 a
539 3031 661 3096 Dobreo
685 3031 796 3096 diserte
820 3032 975 3097 defensam
997 3033 1140 3097 viderem.

347 3141 384 3204 In
408 3143 570 3226 proximis:
595 3144 722 3224 rcrpldc
745 3143 891 3225 σφετέροιο
914 3147 1009 3208 αὐτῶν
1031 3145 1229 3228 aegre¹careo
1249 3142 1390 3206 articulo.

301 3251 374 3317 Tale
398 3252 479 3317 enim
502 3253 762 3332 additamentum,
787 3255 877 3340 quale
900 3259 946 3318 est
969 3261 1024 3334 οφ.
1049 3257 1133 3332 αὐτ,
1158 3253 1242 3340 quod
1260 3274 1324 3317 non
1339 3276 1391 3318 ne·

301 3365 464 3430 cessarium
500 3387 553 3450 por
583 3387 631 3443 se,
657 3366 809 3450 emphasis
830 3373 951 3430 tantum
975 3387 1066 3430 causa
1088 3365 1229 3430 additum
1251 3373 1312 3444 est,
1336 3389 1391 3451 po-

301 3475 412 3554 stulat,
438 3476 563 3561 opinor,
588 3477 760 3546 articulum.
797 3474 869 3540 Non
892 3477 998 3554 mirer,
1017 3476 1043 3539 si
1054 3477 1183 3559 eruenta
1203 3484 1282 3541 esset
1296 3477 1390 3542 inter-

300 3588 431 3672 pretatio
462 3584 611 3666 articuli,
634 3595 669 3652 ut
693 3587 766 3652 olim
789 3587 903 3652 lectum
926 3587 1019 3651 fuerit
1041 3588 1145 3652 ἔτεοτοο
1167 3591 1219 3662 τὴν
1242 3587 1389 3668 σφετέροιο

301 3702 395 3764 αὐτῶν
418 3699 639 3770 κοοτοολοτόοτες.
686 3699 749 3763 Sub
773 3700 864 3764 finem
887 3699 1029 3763 sectionis
1053 3700 1181 3780 acrpthc
1200 3703 1307 3764 σαυτοῦ
1324 3721 1389 3763 non

301 3809 537 3875 sollicitandum.
586 3809 700 3875 Contra
730 3811 809 3875 intra
838 3813 855 3896 p
883 3813 943 3874 45:
975 3813 999 3874 οἱ
1025 3811 1078 3887 μὲν
1101 3809 1205 3887 γονέος
1231 3808 1389 3892 σφετέρους

299 3925 394 3988 αὐτῶν
423 3921 594 4002 πρεσβύταις
624 3921 867 4000 κοιτοολεοτόττες,
897 3915 923 3988 οἳ
949 3921 1066 4002 ἤλπιζον
1090 3923 1144 3988 ὑπὸ
1167 3927 1222 3987 τῶν
1241 3921 1389 4002 σφετέρων

300 4036 394 4098 αὐτῶν
418 4033 525 4098 παίδων
548 4034 805 4115 γηροτροφηθέντες
829 4053 874 4082 *-
896 4034 1098 4115 secesserat,
1122 4041 1203 4097 recte
1223 4034 1325 4097 omitti
1345 4034 1388 4097 vi-

300 4144 391 4208 detur
414 4167 432 4207 a
448 4144 600 4230 plerisque
616 4144 769 4208 editorum
784 4147 940 4226 σφετέρους
956 4146 1059 4209 adroic.
1095 4142 1267 4223 Quominus
1284 4151 1390 4209 autem

302 4264 408 4339 putem
431 4264 535 4319 nostro
560 4277 681 4341 quoque
704 4256 771 4319 loco
794 4255 940 4337 σφετέροιο
964 4257 1059 4319 αὐτῶν
1076 4255 1112 4318 ab
1129 4255 1295 4339 interprete
1312 4277 1387 4339 quo-
1432 4333 1435 4338 Ι

300 4366 371 4431 dam
401 4367 546 4432 infertum
578 4389 659 4444 esse,
691 4366 851 4451 prohibet,
880 4365 963 4451 quod
986 4365 1100 4450 insigni
1123 4387 1193 4428 eum
1209 4367 1245 4429 'vi
1269 4373 1299 4430 et
1322 4389 1390 4451 gra-

299 4480 394 4544 vitate
417 4501 452 4544 ea
475 4480 565 4545 verba
588 4479 752 4545 adduntur.
