3074 5210
10 4497 14 4537 t

10 4540 15 4632 t

626 458 685 522 127

160 663 178 746 t
202 665 234 724 4.
281 657 395 723 Notatu
418 656 548 742 dignum
572 665 633 734 est,
657 656 750 722 doces
770 678 865 722 novos
885 678 904 720 a
922 655 1038 743 populo
1057 655 1200 720 suffectos

117 795 182 836 asse
217 771 254 834 iis
285 770 336 854 qui
366 769 405 834 ad
430 771 531 854 Aegos
554 767 698 832 Potamos
722 767 920 846 cecidissent,
945 768 1027 853 qnod
1052 780 1200 854 quantum

116 883 180 946 scio
214 881 295 945 solus
324 879 431 964 Lysias
456 880 514 944 hoe
538 879 606 944 loco
629 879 746 945 indicat
768 888 799 944 et
822 880 859 944 ab
882 881 1028 945 historiae
1052 883 1204 966 scriptori·

116 995 174 1058 bus
199 992 370 1078 neglectum
394 999 449 1056 est.
481 991 546 1056 Hos
570 990 683 1056 detulit
706 993 876 1076 Agoratus3
901 992 939 1056 cf.
966 994 1016 1056 13.
1044 995 1093 1058 18.

160 1103 257 1168 Plane
287 1104 435 1168 assentior
464 1102 581 1168 Cobeto
613 1103 644 1168 in
677 1103 768 1188 longa
798 1105 852 1169 illa
882 1104 1023 1189 periodo,
1056 1112 1204 1190 quaeest

114 1218 130 1300 t
153 1219 182 1278 4·
202 1201 297 1300 etsq.
324 1215 413 1280 verba
435 1216 643 1296 δυστυχοῦντος
666 1221 716 1281 τοῦ
739 1215 828 1291 δήμου
848 1239 913 1280 esse
934 1216 1102 1281 omittenda
1120 1214 1202 1300 qnod

114 1327 283 1412 impediant
306 1327 499 1391 sententiam.
546 1325 606 1390 Sed
633 1326 761 1394 turbent
784 1327 875 1392 etiam
900 1327 1061 1414 participia
1083 1329 1203 1410 ληφθείς

115 1447 145 1501 et
177 1438 412 1516 ἀπελαυνόμενος
444 1461 523 1522 quae
554 1459 623 1502 eum
647 1439 782 1514 ύόὲλησεν
804 1440 909 1502 iuncta
933 1437 1083 1504 elumbem
1108 1444 1139 1502 at
1161 1439 1206 1504 in·

115 1551 298 1614 concinnam
321 1551 438 1614 faciunt
462 1558 647 1616 structuram
657 1576 666 1629 3
692 1574 786 1635 quare
810 1560 879 1636 post
903 1553 1049 1618 πεόύεσόαι
1070 1558 1146 1636 puto
1161 1552 1206 1614 in-

10 1663 11 1680 ³
115 1662 274 1726 ter-cidisse
293 1662 405 1738 ἀλλά,
424 1671 460 1726 ut
476 1663 635 1748 primariae
653 1663 821 1728 sententiae
837 1671 938 1750 partes
955 1665 1034 1728 sint:
1051 1665 1079 1728 ἐν
1090 1664 1206 1743 τοιούτῳ

116 1778 205 1854 καιρῷ
227 1775 348 1854 ληΦόεός
369 1811 431 1855 ·-,
452 1776 502 1838 οὐκ
524 1773 759 1874 ἀπελαυνόμενος
776 1776 829 1858 (z
845 1777 895 1840 ούιι
910 1775 1119 1859 ἀναχκασόεός)
1135 1776 1206 1838 ἀλλ’

10 1967 11 1972 ¹
117 1882 179 1959 ἐξὸν
197 1889 252 1948 τῶν
268 1883 420 1966 τριάκοντα
436 1886 586 1962 γενέσθαι,
602 1890 719 1963 μᾶλλον
730 1883 993 1952 εόλετοάπολέσόαι
1004 1890 1021 1962 ἦ
1034 1887 1205 1965 ἐπιδεῖν-ρ

10 1983 11 2028 ³
117 2017 198 2078 quae
223 1995 365 2079 periodus
390 1996 524 2060 rotunda
547 2005 594 2060 est
618 2006 648 2062 et
672 1997 813 2062 oratoria,
851 1996 945 2061 Vides
969 1999 1012 2062 sie
1035 1999 1125 2062 etiam
1149 2021 1208 2061 me·

11 2099 12 2104 ¹
118 2106 181 2170 lius
207 2108 441 2184 ἀπελαυνόμενος
465 2115 496 2172 et
520 2107 582 2184 ἐξόν
605 2108 685 2172 inter
709 2131 741 2172 se
765 2109 897 2192 opponi,
922 2131 1013 2193 quam
1034 2110 1066 2172 in
1088 2108 1211 2194 vulgata

118 2216 254 2280 lectione
276 2219 406 2301 priorem
432 2220 593 2304 posteriori
617 2219 794 2283 sententiae.

100 2361 105 2370 ·
164 2328 225 2392 οὐδ’
256 2329 327 2398 ἰδίας
359 2330 466 2410 όχόρας
499 2331 687 2411 ὑπαρχούσης
711 2331 780 2412 πρὸς
812 2331 878 2402 τοὺς
907 2328 1000 2410 ἀρξειν
1028 2330 1210 2409 μέλλοντας,

120 2461 236 2524 nempe
260 2463 325 2504 cum
347 2446 423 2525 ι’ροο.
470 2441 652 2526 Legendum
675 2441 831 2522 συνάρξειν.

167 2553 186 2636 ᾧ
213 2552 241 2614 7.
288 2553 444 2634 συνῄδεσαν
468 2553 526 2634 χόνρ
551 2550 662 2618 ἀπασιν
685 2557 784 2626 αὐτοῖς
808 2555 862 2620 ὑπὸ
885 2563 937 2630 τῆς
959 2555 1069 2626 πόλεως
1084 2554 1211 2632 τιμωμέ-

122 2686 199 2738 νοις,
231 2662 280 2726 καὶ
303 2701 347 2712 —-
369 2665 604 2746 κεκινδυνευκόσι,
637 2643 780 2744 μεχάλας
814 2668 837 2730 δ’
861 2667 994 2748 εἰσφορὰς
1026 2667 1213 2746 εἰσενηνοχόσι

124 2776 174 2838 καὶ
201 2776 518 2855 λελειτουργηκόσι
542 2776 693 2841 κάλλιοτα
702 2826 711 2859 ,
732 2777 781 2840 καὶ
801 2783 857 2841 τῶν
874 2775 972 2842 ἀλλων
985 2777 1092 2850 οὐδενός
1104 2775 1213 2842 πώποτ’

123 2888 311 2966 ἀποστᾶσιν,
335 2883 371 2950 ὧν
396 2889 412 2961 ἡ
437 2887 520 2958 πόλις
544 2890 642 2958 αὐτοῖς
666 2887 855 2970 προςέταξεν,
880 2888 963 2953 ἀλλά
983 2889 1130 2968 προθύμως
1148 2903 1216 2952 λει-

123 3003 289 3079 τουρχούσι.
325 2998 363 3062 G.
389 3000 426 3063 A.
452 2999 598 3084 Hirsehig
631 2999 731 3082 (Mise.
763 2999 875 3063 Philol.
908 3007 938 3062 et
961 3000 1052 3064 Paod.
1077 3000 1148 3063 fasc.
1171 2998 1215 3063 II.

124 3134 155 3195 p.
187 3111 261 3192 135)
285 3133 339 3194 pro
362 3112 610 3191 λελειτουργηκόσι
634 3112 857 3176 restituendum
881 3120 972 3197 putat
992 3112 1215 3193 κεχορηχηκόσι,

124 3229 283 3307 postrema
305 3244 367 3286 non
390 3231 522 3287 mutans.
569 3222 698 3307 Propius
712 3209 793 3287 ¹'vero
818 3224 955 3301 videtur,
980 3223 1138 3288 librarium
1161 3222 1217 3286 fes·

78 3403 79 3410 χ
125 3335 266 3396 timenter
289 3341 471 3417 postremam
496 3355 600 3398 vocem
622 3334 792 3418 legentem,
819 3356 889 3397 cnm
912 3341 1086 3413 λειτουργεῖν
1110 3356 1145 3396 ex
1169 3355 1217 3396 su·

128 3441 302 3528 potioribus
330 3443 362 3506 in
394 3445 538 3507 memoria
562 3444 715 3522 haereret,
740 3445 798 3508 hoc
821 3444 1017 3510 substituisse
1041 3468 1095 3530 pro
1118 3447 1218 3524 ὑπουρ-

128 3563 215 3636 γεῖν,
236 3561 273 3616 ut
292 3554 455 3640 legendum
474 3556 514 3620 sit
532 3557 577 3620 ἀεὶ
595 3557 775 3634 ὑπουργοῦσι.
800 3555 847 3618 Ex
858 3565 1094 3621 ΑΕΙΤΠΟΤΡΓ.
1108 3555 1219 3617 omisso

130 3694 146 3730 υ
180 3667 295 3730 factum
325 3673 372 3729 est
400 3676 612 3733 AEITOTPF.
660 3666 730 3730 Alia
759 3667 927 3730 tentamina
951 3666 1037 3730 affert
1060 3665 1220 3729 Scheibins

130 3779 164 3842 in
199 3775 297 3840 Praei.
330 3776 464 3842 Cobetus
494 3778 553 3842 tria
580 3786 732 3863 postrema
754 3777 902 3843 vocabula
925 3779 1024 3842 eiecit.
1069 3777 1221 3861 Equidem

133 3888 249 3952 nollem
282 3888 395 3953 abesse.
442 3888 570 3974 Saepius
601 3889 709 3974 Lysias
740 3913 777 3954 cx
808 3890 999 3974 oppositione
1028 3889 1221 3953 affirmativae

134 4001 306 4066 sententiae
338 4011 406 4086 post
438 4002 610 4084 negativam
640 4002 819 4085 gravitatem
847 4001 1000 4084 quandam
1032 3999 1223 4064 asseverandi

136 4113 258 4196 quaerit
281 4113 331 4194 (cf.
357 4112 395 4175 ad
419 4135 462 4176 or.
491 4115 552 4196 13).
588 4109 655 4176 Nec
674 4111 777 4188 obest,
802 4111 885 4195 quod
901 4133 1042 4195 praesens
1058 4117 1126 4195 post
1141 4131 1239 4194 praev'

137 4223 229 4286 terite
253 4224 393 4307 sequitur
416 4225 464 4308 (cf.
491 4227 520 4287 3.
547 4226 600 4307 23)
625 4232 655 4288 et
671 4247 707 4288 ex
723 4245 897 4308 praegresso
915 4222 1021 4293 οὐδενός
1038 4221 1223 4286 contrarium

138 4333 242 4399 πιόντα
266 4335 449 4420 cogitatione
473 4334 646 4399 addendum
671 4343 725 4398 est.

184 4449 201 4532 t
227 4449 276 4511 13.
323 4445 479 4524 ἡγούμενος
507 4445 587 4526 αὐτῷ
614 4447 708 4521 καλὴν
739 4441 810 4510 εἶναι
840 4445 892 4520 τὴν
914 4441 1059 4520 ἀπόδειξιν
1082 4443 1131 4508 καὶ
1156 4441 1224 4522 πρός
