3126 5210
811 456 873 515 202

335 646 380 710 Ex
405 649 470 726 his,
496 658 620 734 apparet
643 652 741 715 fauere
764 675 812 715 me
835 674 897 716 non
921 675 1009 736 posse
1031 677 1100 718 oum
1119 653 1310 730 Hamakero,
1328 655 1390 738 qui

287 757 454 821 orationem
478 759 557 823 hano
580 783 617 824 ex
641 760 760 825 duobus
777 762 953 846 fragmentis
970 764 1134 827 conflatam
1151 770 1261 846 putans
1277 763 1382 846 (prius

287 869 315 931 ei
338 875 383 930 est
406 870 423 953 t
449 871 464 930 1
490 892 588 952 usque
611 870 650 934 ad
672 872 920 950 συμπρεσβευτῶν
944 881 974 937 et
996 875 1012 957 d
1037 878 1055 936 9
1081 879 1142 943 πῶς
1165 873 1234 953 γάρ,
1252 894 1318 955 sqq.
1342 873 1385 936 ad

286 977 338 1042 fin.
348 1004 357 1056 3
382 978 511 1044 alterum
536 979 672 1044 efficiunt
693 1002 771 1063 quae
796 981 843 1044 his
864 981 1044 1066 interposita
1060 985 1144 1066 sunt)
1163 989 1382 1066 argumentum

286 1090 410 1173 utrique
433 1090 604 1174 fragmento
624 1090 778 1154 diversum
799 1114 863 1155 esse
884 1093 1002 1155 statuit.
1050 1091 1123 1156 Non
1143 1093 1247 1156 deesse
1263 1116 1381 1157 nexum

286 1199 506 1262 sententiarum
535 1201 554 1284 t
585 1203 623 1283 9,
656 1222 749 1284 supra
780 1200 1071 1280 demonstravimus;
1097 1203 1152 1285 qui
1175 1204 1201 1266 si
1224 1227 1286 1268 non
1310 1205 1384 1267 sim-

286 1308 422 1391 plicitate
453 1331 485 1371 se
515 1309 725 1387 commendat,
755 1308 923 1374 tenendum
946 1311 1007 1374 alia
1029 1335 1153 1397 quoque
1176 1314 1209 1377 in
1232 1314 1289 1378 heo
1314 1336 1381 1378 ora-

285 1417 368 1484 tione
392 1441 498 1502 parum
522 1418 672 1503 elegantia
695 1428 725 1483 et
748 1420 852 1484 facilia
875 1443 949 1484 esse.
979 1421 1086 1485 Veluti
1102 1425 1237 1508 §dsatis
1250 1425 1381 1508 abrupte

284 1528 333 1591 καὶ
358 1531 425 1605 ὑμῖν
448 1527 509 1608 ἔχω
532 1529 706 1594 ἐπικαλέσαι
722 1529 855 1594 additur.
883 1530 963 1595 Tum
981 1539 1018 1595 ut
1034 1533 1171 1596 omittam
1188 1533 1382 1617 quaeSohei·

285 1638 353 1703 bius
384 1639 444 1702 iam
476 1638 650 1704 Hamakero
682 1642 845 1725 opposuit,
875 1665 936 1704 non
962 1643 1067 1720 video,
1093 1665 1187 1726 quare
1210 1645 1236 1707 is
1263 1644 1316 1727 qui
1340 1665 1380 1707 ex

284 1748 405 1812 duobus
436 1749 612 1833 fragmentis
643 1751 867 1815 oratiunculam
893 1753 1159 1838 *consarcinasset
1194 1776 1293 1838 pauca
1325 1753 1384 1817 illa

285 1859 392 1936 verba,
425 1881 503 1942 quae
534 1860 623 1922 initio
654 1859 799 1944 leguntur
828 1861 1038 1944 (κατηγόρηται
1061 1899 1107 1910 -
1128 1866 1271 1947 τυμτρ.),
1296 1863 1383 1926 addi·

286 1969 397 2048 disset,
431 1968 592 2053 legationis
616 1969 654 2032 de
676 1992 739 2052 qua
760 1972 793 2034 in
816 1971 1015 2054 sequentibus
1038 1995 1094 2036 neo
1117 1973 1187 2036 vola
1209 1995 1266 2037 neo
1288 1973 1380 2036 vesti-

282 2081 384 2164 gium,
420 2081 606 2144 mentionem
641 2081 793 2145 omisisset
800 2108 809 2158 ;
846 2083 938 2145 etiam
968 2105 1076 2167 parum
1111 2091 1181 2167 apte
1211 2083 1378 2146 coniuncta

282 2189 411 2254 fuissent
441 2189 473 2252 in
500 2189 637 2254 oratione
660 2190 743 2254 unde
766 2191 840 2254 haeo
864 2193 1009 2256 sumsisse
1032 2193 1259 2256 consarcinator
1286 2199 1377 2274 puta-

282 2306 351 2378 tur,
381 2300 471 2364 haee:
503 2301 703 2380 κατηγόρηται
725 2302 779 2379 μὲν
808 2301 998 2381 Ἐπικράτους
1025 2302 1112 2366 ἱκανά
1138 2302 1187 2366 καὶ
1216 2307 1271 2365 τῶν
1298 2326 1377 2377 τυμ-

285 2410 490 2488 ντρεσβευτῶν.
523 2416 583 2481 πῶς
613 2410 692 2490 γάρς
723 2405 762 2482 οἷς
790 2411 851 2474 οὐδὲ
874 2412 974 2475 ταύτά
997 2412 1046 2475 καὶ
1071 2414 1137 2488 ὑμῖν
1160 2411 1320 2492 συμφέρει,
1345 2411 1382 2474 iu

284 2520 397 2605 quibus
422 2520 564 2602 equidem
587 2543 700 2584 nexum
724 2521 945 2585 sententiarum
970 2520 1122 2584 desidero.

328 2630 554 2694 Animadvertit
585 2630 726 2695 Dobreus
756 2630 870 2694 similia
894 2654 958 2694 esse
980 2631 1079 2695 multa
1102 2631 1133 2694 in
1158 2632 1215 2696 liao
1239 2632 1381 2704 oratione

284 2746 315 2804 et
337 2739 543 2804 Nicomaohea
567 2742 649 2825 (30);
675 2763 806 2824 quorum
831 2710 888 2804 elsi
912 2740 1061 2823 quaedam
1083 2743 1145 2805 iam
1161 2765 1253 2826 supra
1268 2743 1378 2824 tetigi,

282 2853 369 2915 iuvat
401 2858 504 2915 tamen
538 2851 588 2913 hio
620 2852 723 2915 omnia
746 2851 802 2916 sub
828 2873 925 2914 unum
948 2859 1146 2935 conspectum
1169 2873 1291 2935 ponere.
1339 2851 1381 2914 In

283 2970 413 3046 utraque
436 2962 603 3025 incitantur
625 2961 760 3038 iudices,
785 2969 821 3025 ut
836 2961 1031 3044 potissimum
1048 2960 1085 3025 ab
1103 2961 1156 3038 iis,
1174 2963 1229 3044 qui
1244 2961 1379 3024 dicendo

282 3073 419 3150 valeant,
444 3095 557 3158 poenas
581 3081 738 3156 repetant3
764 3072 802 3135 of.
826 3073 843 3156 t
867 3075 885 3134 5
911 3093 980 3134 oum
1003 3069 1073 3134 Nic.
1100 3075 1152 3135 24.

325 3183 417 3247 καίτοι
459 3183 534 3248 τοῦθ’
572 3179 704 3253 άταντες
739 3181 801 3245 ε’,τί-
891 3182 1051 3245 ε’τίττιισθε
1083 3181 1108 3244 δ’
1131 3177 1152 3244 ὦ
1177 3179 1274 3260 ἄνδρες
1298 3181 1381 3246 δικα-

280 3293 406 3369 στατάε,
441 3290 484 3357 ὅτι
518 3294 592 3371 οὐχ,
631 3287 701 3355 ὅταν
734 3291 802 3361 τοὺς
848 3290 936 3368 orat,
961 3287 1003 3355 ὅτι
1027 3291 1223 3369 παράδειγμα
1245 3299 1304 3360 τοῖς
1321 3290 1381 3355 άλ-

280 3403 322 3480 nt
338 3402 509 3480 δυναμένους
524 3402 622 3478 λέγειν
639 3400 800 3480 κολάζητε,
846 3415 906 3471 λοις
930 3399 1013 3465 ἔσται
1037 3403 1079 3477 μὴ
1103 3403 1218 3477 τολμάυ
1242 3400 1281 3470 εἰς
1296 3402 1379 3478 ὑμάς

279 3511 342 3577 τόν)
366 3512 449 3576 ἔσται
472 3510 665 3590 παράδειγμα
683 3516 745 3574 τοῦ
761 3512 803 3586 μὴ
850 3509 1063 3590 ἐξαμαρτάνειν
1075 3513 1133 3590 οὐχ
1145 3507 1214 3575 ὅταν
1226 3511 1292 3582 τοὺς
1305 3511 1377 3576 άδυ-

280 3624 359 3700 ὑμάς
389 3622 495 3686 άδιιιεῖν
525 3620 596 3685 άλλ’
625 3617 696 3684 ὅταν
719 3621 802 3698 νεαροὶ
847 3619 950 3691 νάτους
981 3621 1071 3684 εἰπεῖν
1103 3618 1266 3700 κολάζητε,
1302 3621 1379 3684 ἀλλ’

279 3738 334 3798 τῶν
350 3732 511 3808 δυναμένων
525 3731 623 3806 λέγειν
634 3730 712 3803 δι’κνν
723 3745 802 3806 λαμ·
848 3729 918 3794 ὅταν
949 3731 1031 3808 παρά
1058 3735 1114 3794 τῶν
1138 3729 1300 3806 δυναμένων
1324 3731 1374 3794 λε’-

280 3841 411 3920 βάνντε,
428 3840 496 3906 τότε
513 3840 622 3912 πάντες
639 3840 800 3905 παύσονται
847 3864 909 3917 νειν
933 3840 1011 3914 δίκην
1035 3838 1227 3918 λαμβάνητε.

282 3954 494 4033 ἐπιχειροῦντες
517 3952 557 4021 εἰς
582 3952 660 4028 ὑμᾶς
683 3951 801 4015 άδιιιεῑν.

325 4062 473 4125 Salutaris
498 4061 555 4124 erit
579 4061 687 4125 iudicii
710 4061 875 4125 severitas:

324 4175 341 4257 d
373 4174 401 4237 7.
437 4172 488 4236 ε’άν
522 4172 552 4235 δὲ
586 4168 802 4252 καταψαφιτά-
892 4167 962 4232 Nic.
988 4171 1040 4232 23.
1072 4171 1120 4233 ε’άν
1143 4169 1172 4232 δὲ
1196 4174 1377 4254 καταψηφι-

281 4307 359 4361 μενοι
372 4281 494 4347 θανάτου
506 4281 667 4358 τιμήσητε,
680 4289 718 4360 τῇ
730 4283 806 4362 αὐτῇ
852 4280 972 4358 σάμενοι
995 4285 1051 4343 τῶν
1074 4277 1213 4359 ἐσχάτων
1236 4280 1317 4358 αὐτῷ
1338 4303 1380 4343 τι·

282 4395 375 4482 ψήφῳ
398 4393 464 4468 τοὺς
482 4392 511 4457 τ’
527 4389 636 4463 ἄλλους
651 4389 804 4468 κοτμιατὲ·
849 4391 982 4468 adnare,
1016 4399 1051 4472 τῇ
1082 4391 1158 4470 αὐτῇ
1192 4389 1284 4470 ψήφῳ
1308 4389 1376 4459 τούς
