3074 5210
855 485 895 542 98

335 681 571 767 „percusserit”
626 681 710 747 Ἐτεὶ
746 681 777 746 ἔκ
807 705 844 758 γε
875 685 926 745 τοῦ
953 685 1003 745 σού
1033 681 1138 758 λόγου,
1170 681 1271 766 pergit
1300 687 1419 760 orator,

334 783 421 865 oeten
444 793 608 876 φανήσεται
631 791 805 864 ἀποκτείνας
827 793 894 864 τοὺς
916 791 1031 872 ἄνδρας.
1077 791 1116 855 In
1139 791 1188 855 his
1204 791 1369 877 legendum
1386 791 1418 856 ’ἐκ

333 927 371 981 γε
392 903 494 970 τούτου
516 909 567 969 τού
588 902 695 986 λόγου,
720 901 803 987 quod
826 902 1023 968 Halbertsma
1045 924 1167 987 quoque
1183 902 1327 987 proponit
1342 902 1364 966 l.
1379 902 1417 980 l.;

332 1036 425 1091 „nam
456 1012 622 1078 secundum
653 1013 732 1077 hanc
758 1013 908 1077 rationem
930 1035 1019 1076 nemo
1042 1013 1203 1077 manifesto
1227 1013 1417 1098 (φανήσεται)

331 1123 410 1201 „hos
440 1125 521 1188 viros
550 1123 766 1189 interfecerit.”
811 1122 1007 1209 Quamquam
1036 1124 1085 1188 vel
1116 1124 1160 1188 sic
1188 1147 1295 1188 manca
1316 1131 1364 1188 est
1387 1131 1418 1189 et

332 1234 441 1299 debilis
465 1236 539 1299 haec
561 1236 771 1300 ratiocinatio:
795 1236 844 1313 „si
866 1235 914 1300 ἔτι)
936 1236 1092 1317 αὐτοφώρῳ
1115 1241 1237 1300 tantum
1252 1242 1298 1299 est
1313 1235 1416 1321 gladic

330 1352 526 1430 „percutere,
557 1368 646 1409 nemo
677 1346 733 1410 hos
757 1348 810 1410 ’ἐτ’
837 1346 992 1428 αὐτοφώρῳ
1014 1345 1184 1423 interfecit,
1207 1351 1303 1429 igitur
1325 1367 1415 1410 nemo

330 1463 455 1541 „cpmte
482 1456 665 1520 interiecit.”
710 1456 748 1520 In
773 1455 883 1540 quibus
907 1456 1029 1520 callide*
1040 1457 1200 1540 permiscet
1223 1456 1299 1520 duas
1324 1457 1418 1541 signi-

330 1567 486 1630 ficationes
509 1567 669 1632 verborum
692 1569 738 1632 e'rr'
765 1567 938 1648 αὐτοφώρῳ,
967 1573 1003 1631 ut
1026 1566 1167 1632 ostendat
1190 1566 1414 1644 adversarium,

330 1684 492 1762 negantem
514 1678 561 1742 ἐτ’
584 1681 693 1760 αὐτοφ.
716 1679 890 1743 interlectos
915 1701 978 1742 esse
1001 1679 1098 1756 riroS,
1122 1685 1254 1742 statuere
1270 1701 1309 1742 ne
1324 1679 1415 1757 inter-

329 1787 424 1851 lectos
454 1788 577 1874 quidem
605 1812 678 1854 esse.
723 1786 828 1853 Huius
853 1789 1031 1874 subineptae
1055 1790 1329 1873 argumentationis
1353 1790 1416 1854 cul·

328 1921 398 1988 pam
422 1899 454 1962 in
469 1899 556 1964 MSS.
573 1906 694 1964 tantum
710 1901 856 1964 coniicere
873 1923 934 1964 non
950 1899 1071 1964 videtur
1076 1926 1086 1978 ;
1102 1900 1214 1964 mirum
1226 1901 1307 1987 euim
1320 1901 1414 1977 foret,

330 2011 356 2075 si
386 2011 444 2074 hoc
476 2017 506 2074 et
536 2010 686 2075 similibus
719 2010 796 2074 locis
818 2010 873 2074 ubi
895 2010 1047 2074 claudicat
1071 2012 1293 2095 argumentatio
1316 2011 1414 2096 magis

330 2143 420 2206 quam
450 2121 575 2204 reliquis
606 2121 722 2186 librarii
754 2121 944 2185 erravissent.
991 2120 1093 2184 Multa
1116 2128 1189 2185 sunt
1211 2122 1248 2185 iis
1271 2122 1348 2185 locis
1371 2123 1415 2185 ita

330 2231 439 2296 callide
469 2232 655 2313 excogitata,
686 2238 723 2295 ut
753 2232 828 2316 ipsis
850 2230 979 2294 fallaciis
1002 2231 1196 2295 librariorum
1219 2240 1343 2317 captum
1367 2256 1415 2296 su·

329 2349 445 2428 petent.
492 2341 595 2425 Igitur
626 2341 684 2405 hoc
708 2364 829 2426 quoque
852 2341 919 2404 loco
944 2341 1061 2426 aliquid
1084 2342 1143 2426 ipsi
1167 2343 1280 2407 oratori
1302 2344 1415 2408 adscri-

314 2452 463 2517 bendum
497 2451 634 2528 videtur,
671 2452 724 2536 qui
755 2475 809 2536 per
840 2451 981 2515 callidam
1013 2451 1278 2517 ratiocinationem
1308 2455 1414 2518 filcum

329 2563 521 2629 auditoribus
551 2564 648 2628 facere
676 2570 813 2626 conatur.
861 2561 1029 2626 Cavillatur
1052 2562 1168 2648 duplici
1192 2565 1413 2648 significatione

327 2676 487 2741 verborum
511 2675 557 2738 ἐτ’
579 2673 735 2755 αὐτοφώρῳ
759 2672 914 2750 adhibita,
939 2695 1017 2757 quae
1039 2675 1130 2738 modo
1154 2675 1327 2760 significant
1347 2685 1413 2743 οαίο

327 2793 454 2855 οοοαοάοα
480 2789 594 2866 ocutos,
606 2789 762 2869 flcprcntc‘
783 2790 923 2864 crrinrnc,
946 2785 1037 2848 modo
1061 2791 1125 2851 sanc
1147 2790 1250 2865 dubio,
1275 2795 1309 2853 ut
1330 2793 1412 2854 nullo

327 2902 470 2965 dubitatio
500 2901 648 2981 supersit,
681 2903 712 2960 et
739 2897 827 2982 quasi
851 2896 889 2960 de
911 2918 944 2960 re
967 2897 1152 2980 certissima,
1177 2898 1214 2963 de
1238 2920 1299 2983 qua
1320 2921 1410 2964 nemo

328 3034 419 3076 sanus
448 3008 650 3086 dubitaverit,
688 3013 810 3092 agatur,
849 3005 1121 3091 interrogationem
1157 3007 1235 3073 hanc
1266 3009 1410 3095 proponit

307 3147 308 3156 ¹
328 3125 377 3189 οὐκ
392 3118 438 3186 οὐο
454 3123 491 3204 (si
513 3127 628 3206 perstas
652 3121 811 3204 negareJ·'d
833 3117 922 3192 αἴτιος
946 3124 996 3184 τού
1020 3119 1161 3196 ὐανώτοο,
1186 3117 1266 3194 οὗτος
1288 3125 1336 3186 ἐπ’
1359 3124 1410 3185 αὐ-

327 3234 444 3317 τοφώρῳ
471 3233 565 3311 ἑστίη
595 3232 692 3310 Sane,
724 3217 911 3317 respondeo,
940 3232 965 3295 si
988 3233 1035 3296 ἐτ’
1057 3232 1213 3314 αὐτοφώρῳ
1236 3239 1296 3297 est:
1321 3237 1356 3298 id
1376 3235 1411 3296 dc

326 3366 382 3428 quo
400 3367 457 3410 non
475 3348 610 3411 canton·
634 3341 803 3422 detorsio
826 3343 946 3429 vulgari
971 3343 1099 3428 accipias
1122 3345 1343 3428 significatione
1366 3331 1410 3427 (ab

316 3459 471 3539 flcpronti
493 3457 629 3540 crimine)
655 3455 826 3539 negandum
852 3461 907 3518 est.
953 3454 1033 3518 Tum
1056 3453 1296 3528 :adiurnati
1318 3454 1408 3526 ἄλλος

326 3568 415 3641 αἴτιος
446 3569 462 3644 ἢ
490 3569 525 3633 οὐ
556 3566 758 3649 cremitam
789 3564 863 3631 ώστε
889 3572 950 3638 τῶς
973 3568 1089 3630 οὐκέτ’
1111 3568 1268 3649 αὐτοφώρῳ
1289 3568 1325 3632 οὐ
1349 3563 1408 3630 εἶύ

325 3679 516 3756 ἀποκτείνας
553 3677 651 3759 Quasi
674 3701 728 3763 per
750 3677 978 3762 syllogismum:
1004 3677 1101 3740 omnis
1122 3684 1227 3742 auctor
1242 3679 1347 3742 mortis
1363 3683 1408 3742 est

325 3788 371 3854 ἐτ’
403 3790 578 3872 αὐτοφώρῳ;
613 3790 674 3852 iam
708 3810 778 3852 vero
809 3794 845 3850 tu
876 3809 906 3851 es
939 3792 1061 3864 auctor,
1091 3787 1144 3870 qui
1167 3787 1405 3863 denunciavisti3

325 3901 421 3985 igitur
444 3900 527 3964 idem
549 3924 580 3964 es
603 3903 650 3965 ἐπ’
673 3899 838 3979 αὐτοφώρῳ.
886 3897 945 3961 Sed
969 3903 1121 3983 postrema
1142 3897 1335 3984 aliquatenus
1354 3899 1406 3962 im·

325 4011 473 4089 mutavit,
497 4011 611 4075 addens
635 4011 648 4074 ὃ
671 4009 844 4082 οὐτοκτεύοας
867 4009 939 4080 ἱ.,ο.
964 4030 1058 4094 quare
1080 4009 1106 4070 is
1119 4009 1173 4092 qui
1188 4008 1244 4073 hos
1260 4006 1406 4074 interfecit

324 4122 372 4189 ἐπ’
395 4123 552 4206 αὐτοφώρῳ
576 4120 762 4205 (manifesto)
786 4119 854 4203 quis
877 4118 957 4182 alius
981 4126 1027 4182 est
1050 4141 1140 4203 quam
1157 4119 1215 4184 tu?
1238 4121 1296 4205 (De
1312 4122 1404 4185 forma

324 4219 534 4297 enunciatonis
558 4233 594 4297 cl.
620 4231 657 4296 ad
684 4233 712 4294 6.
740 4232 803 4315 13).
850 4229 901 4293 Ita
925 4229 1144 4293 demonstravit
1163 4231 1279 4296 scilicet
1293 4233 1403 4316 Agora-

323 4349 390 4406 tum
413 4343 480 4428 lege
504 4343 541 4406 de
565 4342 655 4406 caede
678 4341 725 4406 ἔτι)
749 4339 907 4422 αὐτοφώρῳ
930 4341 1090 4404 commissa
1112 4343 1237 4411 teneri!v
1270 4342 1402 4406 Herwer·

322 4453 419 4518 denus
443 4478 510 4518 cum
535 4455 657 4518 Dobrro
680 4453 762 4516 eiicit
786 4451 876 4514 verba
898 4433 948 4515 οὐκ
970 4447 1016 4516 οὐν
1037 4452 1053 4515 c‘
1077 4451 1166 4525 αἴτιος
1188 4459 1238 4519 τοῦ
1262 4453 1397 4521 ὐανύτοο,
