3074 5210
706 495 765 556 lla

185 696 314 759 slimem
338 694 495 758 aoriatum.
532 691 647 758 Verum
672 703 717 757 ast
741 715 830 769 sane,
856 693 887 757 id
911 695 993 778 quod
1018 695 1139 779 saepius
1163 692 1278 759 dietum

188 807 250 882 sit,
276 806 453 871 habendum
478 829 541 869 esse
565 827 620 890 pro
644 828 704 868 uon
729 803 829 882 dieto,
855 805 880 869 si
904 827 974 869 eum
990 806 1131 890 analogia
1146 813 1279 890 pugnet,

187 916 246 979 sed
277 918 435 1002 ingenium
468 917 592 1000 linguae
616 916 694 980 nihil
717 915 808 1002 plane
831 922 999 1002 repugnat3
1024 917 1125 993 μέλλω
1150 924 1196 979 est
1220 937 1281 978 rer-

187 1028 267 1092 bum
287 1029 420 1108 ἕφετιιιόν
443 1051 506 1092 uon
527 1028 629 1092 minus
657 1050 750 1113 quam
776 1027 921 1105 βούλομοιι
945 1038 976 1092 et
998 1027 1102 1106 ἐθέλον,
1127 1026 1280 1112 habetque

187 1139 342 1204 aoristum
373 1163 434 1205 non
466 1149 613 1225 tauquam
644 1146 765 1225 tempus
797 1140 1011 1224 praeteritum,
1045 1139 1098 1203 sed
1122 1140 1204 1224 quod
1228 1139 1282 1202 illa

187 1250 291 1312 forma
314 1250 462 1315 actionem
487 1273 575 1335 saepe
601 1258 654 1313 aut
674 1257 787 1314 statum
808 1250 873 1313 siue
889 1251 1033 1334 temporis
1050 1250 1174 1314 untione
1191 1251 1282 1336 signi-

186 1361 284 1436 fieat3
317 1369 352 1424 ut
387 1363 435 1426 hle
463 1363 583 1448 potius,
617 1363 643 1426 si
676 1384 744 1426 raro
778 1361 932 1446 legeretur
966 1363 1113 1438 aoristus,
1152 1361 1281 1426 alterum

187 1471 273 1534 illud
303 1472 564 1538 Hermanniauum
594 1473 692 1537 valere
727 1472 867 1537 deberet:
900 1473 992 1536 semel
1023 1472 1140 1536 dietum
1171 1473 1283 1537 haben-

186 1582 268 1646 dum
290 1593 338 1646 est
360 1605 413 1668 pro
437 1585 557 1668 saepius
581 1583 681 1661 dieto,
707 1584 733 1646 si
755 1585 834 1647 ratio
859 1583 971 1648 evincit
994 1584 1055 1647 diei
1078 1583 1224 1668 potuisse.

238 1695 256 1777 q
283 1696 332 1757 ll.
378 1694 428 1758 axi
460 1695 523 1775 περ)
553 1691 590 1758 ὦν
617 1695 641 1759 οἱ
670 1694 748 1772 νόμοι
776 1694 918 1776 διοιῤῥιάδνν
948 1695 1015 1759 οὕτε
1038 1696 1202 1773 στρατηγὸν
1224 1695 1281 1760 οὔθ’

186 1802 344 1886 ἵππαρχον
373 1807 433 1871 οὔτ’
466 1805 558 1873 ἄλλον
592 1805 690 1872 οὐδὲνοι
726 1808 885 1886 κυριώτερον
917 1807 1025 1871 ἐκείνων
1056 1806 1279 1874 ἀποδεικνύουσι.

187 1917 232 1980 Iu
264 1917 373 1982 ἐκείνων
403 1918 441 1981 ed
472 1918 554 2004 leges
585 1919 781 2002 (subiectum)
813 1917 909 1982 relato
940 1941 1003 1983 non
1026 1919 1122 2002 magis
1147 1927 1192 1982 est
1215 1918 1284 1981 hae·

187 2028 322 2093 rendum
355 2051 446 2112 quam
475 2029 506 2092 in
538 2025 618 2100 οὗτος
650 2029 771 2116 saepius
802 2052 854 2114 pro
883 2030 1025 2094 reflexivo
1056 2029 1171 2114 positu,
1196 2031 1283 2093 euius

185 2140 237 2204 rei
265 2141 403 2225 exempla
426 2163 518 2224 supra
540 2140 642 2204 attuli.
690 2139 736 2204 Of.
766 2141 857 2204 etiam
882 2143 934 2204 21.
964 2143 1017 2218 lt,
1043 2149 1073 2204 et
1096 2141 1175 2205 Xen.
1200 2141 1283 2204 Hell.

184 2251 218 2314 I.
247 2253 278 2312 6.
306 2253 346 2314 ll
370 2255 419 2316 οὐκ
442 2252 522 2335 (add.
548 2251 595 2335 ἂν)
619 2252 676 2334 ἔφη
700 2251 856 2329 ἑοινιοῦ’ν’
872 2249 1011 2331 ἄρχοντος
1027 2251 1283 2326 οὐδένοιῈλνιήνιον

183 2365 232 2432 εἷς
258 2363 292 2425 τὸ
315 2362 449 2427 ἐκείνου
473 2363 590 2427 δννοοτὸν
612 2362 875 2441 ἀνδραποδισθῆναι.

237 2471 287 2535 Ex
318 2471 407 2537 dietis
439 2479 563 2557 apparet
594 2473 625 2536 iu
654 2480 833 2556 argumento
864 2472 1010 2535 orationis
1034 2471 1111 2535 nihil
1140 2494 1204 2535 esse
1229 2493 1283 2535 eur

184 2583 304 2667 Lysiae
335 2582 542 2672 abiudieetur;
574 2582 607 2645 in
638 2581 737 2646 verbis
764 2588 865 2647 tamen
890 2591 920 2645 et
943 2591 1098 2646 structura
1122 2583 1283 2647 sententia·

184 2718 264 2759 rum
288 2704 358 2759 sunt
382 2716 477 2778 quae,
502 2694 679 2778 praesertim
703 2694 735 2758 in
759 2702 821 2757 tam
845 2694 927 2757 brevi
952 2695 1087 2758 oratione
1111 2693 1282 2770 cumulata,

186 2805 324 2870 dubium
354 2806 484 2871 reddant
515 2814 678 2870 auctorem.
717 2808 761 2870 Ae
792 2806 880 2869 laeile
911 2806 975 2870 fieri
1008 2813 1125 2890 potest,
1150 2813 1186 2870 ut
1208 2805 1283 2869 haee

185 2918 408 2998 oratiuncula,
433 2919 490 2983 etsi
512 2941 574 2982 nou
599 2942 620 2982 a
638 2917 731 3003 Lysia
754 2919 884 3002 scripta,
901 2927 1003 2981 tamen
1023 2917 1106 3003 quod
1126 2918 1156 2982 iu
1178 2917 1283 2981 eadem
1368 2921 1371 2928 '

188 3051 288 3093 causa
311 3029 393 3095 dieta
416 3032 472 3108 sit,
506 3037 630 3116 propter
653 3030 825 3114 argumenti
848 3029 1080 3092 similitudinem
1104 3051 1173 3094 eum
1197 3053 1284 3114 supe·

185 3141 275 3204 riore
298 3142 409 3206 iniuria
433 3143 512 3206 iuter
532 3141 674 3227 Lysiaeas
693 3142 789 3206 relata
808 3143 857 3205 sit.
906 3143 970 3204 rlut
997 3141 1055 3206 hoe
1082 3143 1195 3206 laetum
1220 3152 1281 3221 est,

186 3258 249 3318 aut
273 3249 465 3316 oratiuncula
492 3276 528 3317 ex
551 3252 680 3338 Lysiaea
703 3252 834 3338 quadam
855 3274 873 3315 a
892 3253 1059 3316 recentiore
1075 3252 1207 3337 quodam
1224 3253 1284 3337 epi-

185 3373 344 3428 tomatore
374 3365 622 3444 repraesentaret.
670 3363 751 3427 Nam
782 3371 883 3427 vetera
910 3362 1058 3446 quaedam
1085 3372 1115 3426 et
1138 3363 1217 3427 bona
1240 3365 1284 3429 in-

189 3480 287 3551 sunt,
319 3475 511 3558 potissimum
542 3476 619 3540 ratio
652 3474 886 3560 argumentandi
913 3481 943 3538 et
966 3475 1075 3538 notitia
1099 3474 1283 3539 iudiciorum

187 3589 221 3671 (ᾧ
255 3588 291 3662 3,
323 3589 400 3670 sq),
441 3609 518 3672 quae
556 3586 690 3650 meliora
716 3592 808 3662 sunt,
841 3607 931 3668 quam
963 3608 980 3648 a
1010 3586 1130 3650 novicio
1149 3586 1283 3650 »rhetore

189 3705 361 3783 exspectes.
409 3697 488 3762 Tum
513 3720 591 3783 quae
614 3698 760 3762 dicuntur
783 3697 821 3760 de
845 3698 945 3760 auimo
969 3717 1073 3760 eorum
1097 3696 1152 3782 qui
1170 3695 1284 3760 iudicio

186 3816 357 3896 praesunt,
378 3832 440 3873 uon
460 3831 530 3874 eum
549 3810 620 3874 fieta
640 3829 731 3873 eausa
754 3808 951 3873 conveniunt.

306 4049 371 4094 XVI·
400 4057 437 4093 EN
457 4057 561 4094 soram
582 4057 746 4094 ΜΑΝΤΙΘΕΩῙ
768 4054 1011 4092 ΔΟΚῘΜΑΖΟΜΕΝΩΙ
1032 4055 1182 4092 anouorra.

241 4254 259 4336 ᾧ
282 4255 311 4314 3.
359 4251 499 4336 Speciosa
523 4251 799 4315 Rauehensteinius
823 4248 936 4312 Philol.
958 4248 1049 4312 XIII.
1075 4272 1103 4333 p.
1120 4251 1201 4326 213,
1218 4270 1283 4333 sqq.

191 4363 359 4440 ἐπεδήμουν
382 4376 418 4426 ex'
441 4365 457 4446 q
481 4366 500 4426 3
526 4370 692 4439 remotum,
719 4363 831 4451 omissa
855 4359 916 4425 οὔτ’
936 4360 1079 4424 transfert
1094 4359 1132 4422 ad
1148 4363 1164 4444 q
1180 4364 1200 4422 4
1217 4371 1286 4446 post

192 4474 357 4544 πολιτείοις.

1131 4584 1167 4640 8*
