3128 5208
854 447 896 506 48

337 642 475 708 Praestat
497 650 601 708 notare
626 666 677 721 ea,
702 666 780 728 quae
803 667 865 708 non
888 652 951 708 tam
967 645 997 709 in
1015 644 1151 728 linguam
1167 651 1310 729 peccant,
1327 665 1425 726 quam

335 755 413 818 male
435 755 643 820 demonstrata
667 763 740 820 sunt
764 764 795 820 et
817 756 969 820 rhetorem
993 765 1138 840 arguunt.

381 865 599 950 Declamatoris
612 874 658 930 est
669 867 808 930 resarcire
820 868 988 931 orationem
1000 867 1091 932 rebus
1104 867 1210 931 alienis
1223 867 1277 931 sed
1289 888 1428 950 „magna

335 977 518 1042 sonaturis.”
564 977 614 1040 Ita
636 977 770 1041 exsultat
792 977 883 1041 homo
908 985 1012 1042 noster
1035 979 1067 1042 in
1091 979 1246 1042 mentione
1270 977 1426 1062 Areopagi

335 1089 352 1172 q
385 1090 441 1164 lt,
473 1110 537 1172 sqq.
583 1084 645 1150 Vos
677 1094 815 1172 oportet,
847 1087 967 1173 inquit,
1001 1088 1088 1153 aliter
1112 1089 1150 1152 de
1173 1089 1231 1152 reis
1255 1087 1428 1152 manifestis

336 1199 608 1283 (ὁμολογησάντων),
633 1199 722 1263 aliter
745 1175 861 1278 MS,
886 1200 940 1284 qui
963 1209 1078 1285 negant
1101 1224 1132 1264 se
1159 1200 1323 1285 deliquisse
1347 1198 1430 1264 iudi·

322 1331 413 1374 ·care.
460 1311 559 1375 Κοῖτοι
582 1310 631 1376 κοά
656 1312 685 1375 ἕν
708 1312 806 1392 ’Λοείῳ
829 1310 932 1392 κάνῳ,
957 1313 986 1376 ἐν
1008 1315 1049 1393 τῷ
1066 1312 1235 1392 σεμνοτάτῳ
1253 1311 1303 1376 cxl
1323 1312 1430 1375 δικοιιο·

336 1420 417 1502 sciro
431 1421 614 1502 δικοιστκρίῳ,
637 1422 782 1499 ὁμολογῶν
801 1421 854 1500 μὲν
876 1422 1006 1506 (requiro
1030 1423 1114 1499 ὃμὲν
1137 1423 1198 1506 ὀμ.)
1220 1422 1327 1488 ἀδικεῖν
1352 1422 1429 1486 ἀνιο-

335 1535 460 1616 θνήσκει,
492 1534 542 1598 ε’ἀν
573 1533 596 1596 δ’
621 1533 799 1616 ἀμφιςβκτῇ
822 1532 995 1613 ἐλέγχεται.
1042 1533 1130 1597 Nihil
1154 1544 1200 1598 est
1224 1534 1256 1598 in
1280 1534 1345 1610 his,
1372 1553 1430 1596 cur

336 1652 398 1709 tam
429 1645 625 1728 magnificum
655 1644 807 1729 Areopagi
838 1645 1033 1730 praeconium
1055 1645 1248 1730 proferatar;
1272 1667 1328 1708 nec
1352 1667 1429 1708 sane

338 1757 463 1834 mirum,
488 1755 542 1840 qui
568 1762 658 1840 neget
682 1778 713 1819 se
737 1756 923 1820 malefecisse
947 1756 1107 1841 redargui,
1132 1763 1186 1821 aut
1214 1765 1312 1820 morte
1334 1756 1432 1841 plecti

340 1868 392 1953 qui
420 1867 548 1954 capitale
579 1867 692 1931 crimen
725 1891 756 1930 se
789 1868 976 1932 commisisse
1007 1868 1149 1932 fateatur.
1202 1867 1302 1952 Magis
1334 1867 1429 1932 etiam

338 1980 415 2045 mira
438 1986 515 2044 esset
538 1979 612 2042 haec
635 1978 719 2056 laus,
745 1978 771 2042 si
795 1977 1006 2042 subiunxisset
1030 1979 1160 2064 scriptor
1182 1977 1261 2042 illud
1285 1978 1371 2062 quod
1393 2000 1431 2042 ex

337 2089 471 2156 Lobeoki
506 2090 680 2153 coniectura
708 2111 793 2153 nunc
825 2088 1043 2173 subiungitur:
1077 2088 1126 2154 κοά
1157 2089 1320 2154 ἀπολύεται
1351 2090 1430 2154 οὐδὲν

337 2203 422 2280 δόξοις
452 2202 568 2268 ἀδικεῖν.
615 2200 700 2281 Quid
731 2202 812 2265 enim
843 2203 912 2286 quis
946 2202 1030 2266 aliud
1062 2225 1080 2265 a
1108 2202 1216 2285 quovis
1240 2205 1431 2284 exspectaret

336 2313 473 2378 iudicio?
519 2312 579 2377 Sed
601 2313 667 2377 fieri
691 2321 811 2398 potest,
836 2322 872 2377 ut
895 2313 927 2378 in
951 2313 1050 2378 verbis
1074 2314 1225 2398 corruptis
1248 2313 1296 2377 κοά
1316 2315 1430 2376 πολλοῦ

336 2425 397 2491 οὐδὲ
427 2422 512 2500 δόξαν
538 2424 645 2489 ἀδικεῖν
671 2424 741 2488 talis
766 2425 917 2488 sententia
939 2424 1035 2488 lateat
1056 2423 1116 2489 xci
1142 2425 1270 2489 πολλοὶ
1294 2423 1344 2498 ἤδη
1369 2424 1430 2501 οὐχ

337 2535 570 2616 ὁμολογήσαντες
594 2535 661 2600 οὐδ’
683 2534 808 2612 ἔδοξοιν
830 2536 984 2612 ἀδικεῖν,
1004 2535 1118 2613 „multi
1138 2536 1213 2599 adeo
1234 2534 1317 2619 quod
1337 2555 1430 2618 nega·

339 2655 465 2726 „verant
489 2669 520 2711 se
544 2669 681 2732 peccasse
705 2645 838 2710 absoluti
863 2655 935 2710 sunt
943 2646 974 2724 ,''
998 2646 1080 2711 uude
1104 2654 1184 2710 certe
1209 2645 1285 2711 effici
1308 2651 1427 2730 posset,

339 2765 454 2842 quauta
478 2757 522 2821 vis
546 2758 578 2821 in
601 2758 654 2821 illo
678 2757 793 2822 iudicio
817 2757 1000 2822 confessioni
1024 2757 1155 2822 adscribi
1178 2757 1297 2821 soleret.
1326 2755 1367 2820 Dt
1384 2756 1429 2819 sic

339 2891 409 2933 cum
444 2868 547 2952 aliqua
581 2869 679 2954 specie
712 2868 887 2932 dicerentur
916 2874 994 2952 qirae
1025 2877 1213 2952 sequuntur:
1241 2868 1338 2933 οὔκουν
1368 2867 1428 2948 χρὴ

339 2980 438 3057 ὁμοίιον
461 2980 578 3057 γνώμην
601 2979 680 3061 ἔχειν
703 2978 772 3057 περί
791 3005 825 3044 τε
847 2987 902 3044 τῶν
922 2980 1096 3060 ἀρνουμένων
1116 2979 1165 3044 ael
1185 2985 1239 3045 τῶν
1259 2980 1430 3057 ὁμολογούν-

338 3116 404 3156 των.
452 3089 625 3155 Sententiae
650 3091 825 3176 propositae
849 3090 1012 3176 respondet
1031 3091 1121 3154 lectio
1141 3090 1234 3154 Laur.
1254 3090 1303 3155 κοά
1325 3090 1427 3156 πολλοὶ

339 3199 395 3266 οὐδ’
414 3199 512 3278 ἔδοξόον
529 3202 653 3284 ἀδικεῖν,
667 3224 758 3286 quam
770 3225 870 3267 veram
883 3210 938 3266 aut
949 3225 1020 3266 vero
1033 3203 1205 3287 propiorem
1218 3201 1320 3265 iudico
1334 3224 1426 3285 quam

339 3320 499 3398 receptam.
538 3311 604 3377 Nec
631 3320 732 3377 tamen
756 3336 834 3398 nego
858 3314 932 3378 haec
956 3313 1085 3377 obscure
1108 3312 1190 3376 diota
1213 3336 1296 3410 esse;
1313 3322 1427 3376 totum·

341 3445 400 3508 que
416 3423 499 3488 hunc
514 3424 614 3488 locum
632 3423 669 3488 de
685 3425 845 3510 Areopago
861 3424 901 3489 ad
912 3424 1095 3506 ‚ambitiosa
1107 3424 1305 3488 oruamenta”
1316 3425 1424 3489 refero.

386 3532 494 3598 Nihilo
517 3535 613 3619 magis
637 3542 708 3619 apta
728 3544 773 3599 est
788 3536 1011 3620 argumentatio
1028 3535 1065 3599 de
1079 3535 1213 3619 Diagora
1229 3535 1356 3620 Melio§
1396 3537 1424 3600 7.

342 3644 532 3723 Andocides,
563 3646 681 3730 inquit,
713 3648 809 3732 magis
843 3647 933 3711 etiam
956 3647 1068 3732 impius
1093 3656 1138 3711 est
1161 3669 1251 3730 quam
1277 3646 1426 3729 Diagoras

342 3755 455 3820 Melius
462 3783 472 3833 ,0
504 3756 554 3820 hio
585 3758 665 3821 enim
696 3757 827 3842 deliquit
854 3759 887 3822 in
911 3759 982 3823 deos
1007 3757 1138 3836 alienos,
1164 3759 1221 3822 iste
1244 3758 1276 3820 in
1300 3757 1424 3842 patrios.

342 3865 526 3948 Ὀρνίζεοάοιι
557 3864 611 3934 οὖν
641 3871 717 3952 χρή,
746 3865 766 3934 ὦ
790 3868 887 3949 ἀνδρες
910 3869 1071 3948 Ἀθηναῖοι,
1096 3875 1155 3940 τοῖς
1178 3872 1277 3939 ἀστοῖς
1300 3868 1425 3931 ἀδικοῦσι

342 3981 459 4056 μᾶλλον
479 3979 496 4054 ἢ
514 3987 574 4057 τοῖς
594 3978 680 4056 ξένοις
699 3981 761 4062 περὶ
781 3987 881 4046 τοῦτον
896 3981 938 4046 τὰ
953 3980 1032 4064 iacet,
1048 3980 1167 4064 „magis
1184 3979 1278 4064 igitur
1294 4000 1347 4040 vos
1364 3997 1426 4040 sus-

343 4111 487 4168 „censere
511 4096 631 4174 oportet
653 4091 770 4154 civibus
795 4091 992 4176 peccantibus
1015 4091 1048 4154 in
1072 4091 1146 4154 haec
1170 4111 1255 4153 saera
1271 4072 1361 4172 quam
1378 4108 1426 4171 pe·

344 4200 525 4284 „regrinis”
571 4200 649 4281 Quis
679 4209 724 4266 est
747 4203 822 4286 quin
847 4202 948 4267 videat
972 4202 1046 4266 haec
1070 4202 1149 4266 male
1172 4201 1317 4265 conclusa
1339 4194 1425 4262 esse?

344 4311 392 4374 Sic
432 4312 510 4376 enim
548 4311 709 4396 procedere
740 4313 870 4378 debebat
901 4313 1143 4397 argumentatio:
1177 4334 1230 4376 vos
1262 4311 1423 4395 Diagoram

343 4423 534 4507 peregrinum
559 4423 738 4508 punivistis3
764 4425 843 4488 cives
867 4430 964 4489 ακίονο
986 4423 1019 4487 in
1037 4445 1120 4486 sacra
1144 4445 1199 4486 sua
1214 4422 1423 4505 delinquentes
