3126 5210
817 458 879 520 168

344 654 522 738 Sequuntur
552 653 688 737 proxime
712 653 802 718 haec:
827 655 840 717 ὂ
863 654 916 732 ριὲιι
939 655 998 736 yut
1021 652 1114 738 ὥσπερ
1137 658 1185 722 ἐπὶ
1213 659 1316 737 κλήρου
1346 667 1404 733 τῆς

280 769 454 857 Ἰουροςίλοροῖο
486 763 569 838 odunt
600 763 837 844 dedesiderium
869 764 939 840 ήκει.
986 764 1036 830 Sic
1067 765 1184 844 Pulet.;
1209 775 1290 831 recte
1312 789 1406 830 nuuc

299 876 461 952 ἐπικλήρου.
507 873 621 936 Temen
651 873 815 938 admodum
846 874 959 939 durum
991 883 1037 939 est
1069 875 1273 940 calamitatem
1296 877 1406 960 ipsam

300 984 394 1047 filiam
422 982 653 1046 haereditarium
683 982 761 1059 dici3
792 1004 854 1047 uon
882 1006 929 1047 res
952 985 997 1048 rei
1020 991 1215 1069 eomparatur
1239 984 1292 1047 sed
1316 985 1406 1047 aetio

302 1095 431 1171 actioni3
457 1101 487 1156 et
509 1093 655 1171 tertium,
681 1093 764 1179 quod
781 1094 911 1170 dicitur,
929 1094 1164 1179 comparationis
1181 1101 1227 1158 est
1243 1093 1406 1178 cupiditas

302 1203 487 1268 vindicandi.
533 1203 635 1266 Multo
663 1204 760 1288 igitur
787 1205 889 1288 aptius
920 1214 951 1268 et
979 1204 1150 1288 elegantius
1175 1205 1287 1268 omisso
1311 1205 1406 1280 οὔσης

302 1314 363 1398 legi
395 1335 484 1398 posse
515 1311 637 1376 videtur
664 1315 701 1383 ὡς
728 1315 790 1393 περὶ
815 1314 966 1393 ἐπικλήρου
989 1323 1042 1388 πής
1066 1317 1221 1396 συμφορᾶς
1244 1315 1408 1392 οἱμφιςβή-

302 1425 412 1506 πήοιου,
446 1423 483 1487 de
516 1423 688 1488 calamitate
719 1431 866 1507 tanquam
898 1421 936 1487 de
966 1423 1029 1487 filia
1052 1424 1255 1488 haereditario
1276 1447 1407 1490 mecum

302 1542 484 1598 certaturus.
533 1531 614 1597 Nam
637 1533 670 1597 iu
694 1533 845 1598 eiusmodi
869 1536 1097 1598 constructione
1120 1542 1230 1598 uotum
1254 1542 1300 1598 est
1316 1557 1408 1621 pree·

302 1643 484 1730 positionem
515 1666 634 1728 semper
665 1644 758 1708 semel
777 1645 990 1709 tautummodo
1007 1645 1158 1710 collocari.
1193 1645 1326 1730 Largam
1355 1667 1407 1710 co·

303 1755 385 1840 piam
410 1753 618 1838 exemplorum
638 1753 731 1819 hebet
747 1753 900 1831 coheres,
919 1777 981 1818 var.
998 1754 1084 1820 Lect.
1101 1778 1130 1840 p.
1151 1758 1231 1833 lot,
1249 1755 1305 1819 ubi
1321 1777 1407 1840 quoe

304 1864 473 1928 contrarius
497 1863 625 1926 rationis
649 1862 787 1947 exemplu
811 1863 957 1927 attulerat
980 1863 1200 1929 Stallbeumine
1225 1865 1263 1928 ad
1284 1864 1405 1928 Phaed.

304 1999 334 2061 p.
351 1978 402 2040 67.
428 1975 457 2038 D
482 1975 687 2059 corriguntur.
735 1973 855 2038 Subtile
879 1985 981 2040 temen
1005 1975 1169 2040 discrimen
1191 1973 1273 2059 quod
1290 1976 1409 2039 consti·

306 2087 368 2149 tuit
392 2086 473 2150 inter
496 2085 559 2163 περὶ
583 2093 636 2159 πής
659 2089 814 2165 συμφορᾶς
838 2087 874 2157 ὥς
898 2087 961 2166 περὶ
985 2087 1137 2166 ἐπικλήρου
1162 2093 1192 2149 et
1211 2089 1247 2157 ὡς
1265 2085 1328 2164 περὶ
1341 2087 1407 2149 ε’πι-

307 2197 410 2277 κλήρου
428 2205 481 2270 πής
497 2198 666 2277 συμφορᾶς,
687 2195 868 2259 etsiverum
892 2197 949 2273 sit,
973 2203 1076 2260 tumen
1100 2218 1138 2260 an
1161 2217 1224 2259 non
1241 2197 1281 2259 sit
1297 2218 1409 2280 perpe·

275 2389 277 2395 y
307 2315 396 2370 tuum
425 2305 544 2370 dubito.
590 2305 629 2369 In
661 2307 761 2390 priore
786 2307 1014 2370 construetione
1037 2307 1070 2370 in
1092 2307 1160 2391 ipso
1184 2305 1276 2370 verbo
1299 2307 1408 2370 inesse

307 2417 564 2501 comparutionem
604 2422 709 2499 putat,
745 2415 776 2479 in
813 2415 907 2480 alteru
941 2416 1169 2480 substantivum
1204 2416 1403 2481 substantivo

309 2527 509 2612 aequiperari.
544 2524 621 2603 Sed,
642 2532 678 2588 ut
698 2525 756 2590 hoo
775 2525 844 2590 loco
863 2532 948 2602 utor,
970 2525 1130 2590 Platonem
1149 2527 1182 2590 in
1198 2526 1288 2612 prl.
1307 2525 1404 2590 VIII.

308 2662 339 2723 p.
365 2639 439 2700 553.
465 2636 501 2699 Β.
527 2635 708 2700 scribentem
732 2637 893 2701 πποιήσοουπι
918 2634 1011 2717 ὥσπερ
1036 2637 1103 2717 πρὸς
1127 2636 1231 2718 ἕρμοιπι
1251 2645 1288 2718 πή
1305 2637 1410 2713 πόλει,

310 2747 438 2811 dixerim
470 2769 533 2810 nou
565 2755 671 2811 notare
702 2748 736 2811 in
766 2749 943 2812 universum
971 2748 1206 2813 similitudinem
1233 2746 1353 2832 scopuli
1378 2751 1409 2810 et

312 2857 461 2931 eivitntin,
495 2855 548 2919 sed
570 2857 720 2921 rationem
745 2879 807 2940 qno
830 2857 984 2920 allidetur.
1032 2857 1231 2942 Eandemque
1253 2857 1408 2920 rationem

311 2988 375 3030 esse
399 2971 474 3049 puto
499 2965 531 3028 in
556 2965 603 3028 his
627 2963 743 3030 Phoed.
770 2967 843 3029 115.
868 2966 904 3030 B.
929 2966 1023 3047 ὥσπερ
1037 2969 1114 3032 κοτ’
1131 2965 1200 3048 izin
1220 2963 1409 3046 πὰύὖυεὶρή-

307 3073 383 3153 ριέυοο
405 3114 450 3124 -
472 3075 536 3156 ζήν,
561 3086 592 3140 et
610 3075 687 3140 Luc.
712 3077 758 3140 bis
783 3077 855 3141 Aoo.
880 3077 946 3160 (4⁷)
971 3079 1012 3138 tl
1036 3074 1130 3157 ὥσπερ
1157 3074 1253 3150 tute-n
1278 3075 1326 3138 ἐπὶ
1360 3075 1409 3139 τὸυ

311 3190 360 3250 τοῦ
384 3183 464 3251 ἐλέου
488 3187 589 3265 βωμὸν
612 3189 664 3261 τήν
689 3187 783 3262 ήδονήυ
806 3193 1008 3266 κοιποιφυγεῖυ.
1045 3185 1134 3250 Nihil
1150 3186 1231 3250 enim
1247 3206 1409 3249 commune

311 3297 403 3361 hebet
426 3298 520 3362 ultore
545 3305 575 3362 et
598 3299 740 3384 voluptas
764 3298 825 3364 nisi
849 3297 933 3383 quod
956 3297 1060 3362 eadem
1085 3298 1203 3362 ratione
1227 3297 1409 3380 confugitur

311 3407 350 3470 ed
380 3413 556 3492 utrumque,
604 3407 699 3472 Plura
734 3409 825 3472 etium
861 3408 999 3493 exemplu
1033 3405 1126 3472 huius
1163 3405 1403 3471 constructionis

312 3518 399 3582 offert
422 3518 512 3582 Doct.
538 3516 659 3595 Nuber,
684 3517 864 3602 Tijdsehrift
880 3540 954 3582 voor
969 3518 1007 3582 de
1023 3517 1148 3582 Nederl.
1166 3517 1277 3602 Gymu.
1299 3518 1401 3592 1864,

311 3652 342 3713 p.
368 3631 425 3708 68,
451 3651 517 3713 sqq.
560 3627 634 3692 Non
661 3628 760 3693 multe
788 3628 1046 3693 demonstratione
1075 3628 1179 3712 egebit
1202 3627 1344 3692 librarios
1371 3648 1408 3690 en

311 3742 348 3811 ὥς
383 3741 446 3818 περὶ
477 3739 525 3803 ἐπὶ
558 3737 699 3822 effingere
726 3739 863 3823 potuisse
886 3735 979 3818 ὥσπερ
1004 3738 1071 3815 ἐπί,
1095 3760 1157 3821 quo
1180 3737 1261 3801 fecto
1285 3744 1321 3800 ut
1345 3758 1409 3801 sen·

312 3849 413 3912 tentio
436 3855 589 3912 constaret
611 3847 695 3922 οὔσης
720 3854 784 3912 erat
808 3846 992 3911 addendum.

355 3961 372 4042 t
397 3961 448 4020 15.
497 3956 641 4022 Convicia
664 3958 697 4021 iu
721 3979 769 4022 me
793 3957 931 4040 congerit
953 3954 1048 4037 ὥσπερ
1071 3957 1095 4020 εἰ
1118 3955 1250 4038 φοβερῶς
1270 3955 1408 4034 οὐοριήοοιι

310 4067 427 4146 μέλλων
449 4069 543 4143 οὶλήήή
566 4069 663 4144 λέγω,
687 4069 758 4131 ἀλλ’
781 4069 832 4133 οὐκ
851 4065 887 4131 dcv
912 4066 989 4131 πήυυ
1013 4074 1102 4150 πρᾷον
1121 4069 1158 4139 ὡς
1174 4067 1246 4140 μηδὲ
1262 4067 1407 4146 dedinent

312 4185 412 4244 ποιῡποι
441 4180 574 4254 ποιήσων.
610 4178 660 4242 Sic
684 4177 781 4242 Pelet.
791 4204 801 4255 3
826 4177 964 4242 Scheib.:
990 4177 1090 4256 ntuetr
1113 4184 1144 4240 et
1168 4179 1304 4257 προιόυοιι.
1337 4175 1409 4239 Inu-

312 4288 367 4353 tile
399 4297 444 4353 est
475 4312 579 4353 omnes
611 4289 798 4353 coniecturas
830 4288 870 4352 cd
893 4289 975 4352 huuc
998 4287 1099 4352 locum
1124 4288 1218 4351 foetas
1244 4307 1406 4350 recensere.

313 4400 447 4464 Tantum
471 4399 622 4463 contendo
645 4399 777 4478 φοβερῶς
801 4396 946 4480 ὀυοροοὶζειυ
971 4398 1036 4462 πιυή
1056 4420 1118 4461 uon
1134 4419 1223 4483 posse
1240 4396 1408 4480 significare
