3126 5210
662 465 723 528 irc

154 661 218 741 ὑπὲρ
239 663 343 728 αὑτῶν.
390 662 460 727 Ηοο
492 663 590 727 voluit
616 662 775 740 Dobreus,
804 664 870 728 iure
894 662 1050 746 vulgatam
1074 661 1234 726 obscuram

153 776 182 834 et
211 771 385 856 ambiguam
416 771 531 836 dicens.
579 770 640 836 Sed
671 773 740 850 ὑπὲρ
773 773 868 850 ὑμῶν
899 769 1088 834 commodam
1112 769 1236 854 praebet

154 879 349 959 sententiam
382 888 469 946 erant
500 882 581 946 enirn
610 882 643 944 in
672 880 765 959 urbe,
790 881 844 964 qui
868 880 954 944 taciti
977 887 1149 964 sperarent,
1172 878 1237 942 fore

154 993 188 1049 nt
215 989 381 1055 adversarii
411 992 577 1057 vincerent.
625 989 734 1055 Omnis
766 990 971 1076 oppositionis
997 989 1044 1054 vis
1071 997 1117 1053 est
1140 989 1173 1052 in
1196 989 1238 1054 δε·

152 1095 243 1168 διίτας
267 1106 299 1162 et
321 1107 533 1178 πολεμοῦντας.
580 1100 707 1185 Saepius
735 1101 768 1164 in
794 1099 852 1163 hac
875 1099 1013 1163 oratione
1037 1103 1238 1183 opponuntur

155 1209 234 1283 ἡμεῖς
258 1209 313 1291 (z
335 1210 360 1274 οί
382 1211 411 1273 έν
433 1209 517 1274 ἄστει
544 1211 708 1293 μείναντες)
731 1216 764 1273 et
785 1209 867 1288 ὑμεῖς
890 1211 944 1293 (z
966 1210 991 1272 οἱ
1013 1210 1186 1292 φεύγοντες)
1202 1215 1239 1270 ut

153 1315 170 1398 3
190 1318 241 1379 21.
277 1315 490 1382 Veruntamen
521 1340 556 1382 eo
578 1340 680 1404 neque
704 1318 754 1382 hic
777 1316 863 1381 locus
889 1318 918 1402 (3
938 1320 1009 1402 al),
1033 1337 1132 1401 neque
1155 1317 1172 1400 t
1198 1317 1236 1378 13

134 1497 137 1502 ,
155 1426 223 1496 satis
238 1423 431 1506 defenditur,
451 1427 506 1491 ubi
527 1449 589 1491 non
607 1427 713 1504 video,
733 1427 809 1511 quid
828 1427 939 1491 melius
955 1427 1077 1505 faciam,
1095 1447 1187 1510 quam
1202 1433 1238 1490 ut

154 1532 273 1598 Dobreo
297 1534 505 1620 obtemperem
527 1544 559 1600 et
582 1537 711 1601 scribam
735 1537 804 1618 παρ’
828 1539 924 1601 αὐτῶν
946 1537 1044 1600 τίοτιν
1067 1534 1238 1614 εἰληφότες,

155 1663 206 1724 pro
228 1643 300 1724 παρ’
325 1648 414 1721 ἡμῶν.
460 1645 502 1708 Et
525 1648 681 1731 superiore
704 1647 837 1710 sectione
861 1647 927 1730 (21)
952 1646 1062 1710 melius
1086 1652 1165 1708 esset
1187 1649 1239 1720 τὴν

157 1754 244 1827 αὐτὴν
259 1752 449 1826 κατελθόντες
466 1755 528 1829 περί
546 1760 624 1833 ἡμῶν
640 1757 758 1833 γνώμαν
774 1755 879 1838 ἔχετε,
897 1754 983 1836 ἥνπερ
999 1757 1161 1834 φεύγοντες
1176 1757 1238 1838 περί

156 1861 231 1934 ὑμῶν
252 1863 350 1926 αὐτῶν
371 1863 498 1948 [εἴχετε]
521 1885 614 1948 quam
630 1864 714 1950 quod
730 1887 813 1929 nunc
829 1865 945 1949 legitur
960 1866 1022 1946 τερί
1039 1869 1148 1945 αὐτῶν,
1166 1866 1240 1930 rela-

157 1975 220 2032 tum
238 1970 276 2034 nd
292 1969 411 2049 έτέρους.
444 1971 483 2035 In
499 1973 559 2036 fine
575 1973 777 2059 paragraphi:
795 1975 946 2053 ἡγούμενοι
962 1974 1009 2038 διὰ
1025 1975 1076 2049 τίνι
1091 1981 1147 2038 τῶν
1162 1975 1241 2054 τριοί-

156 2101 241 2143 κοντα
264 2080 398 2160 πονηρίαν
417 2082 493 2146 πολὺ
516 2086 633 2160 μᾶλλον
657 2084 831 2157 τωίνίοεοίαι
855 2085 872 2160 ἢ
896 2083 943 2148 tra
965 2085 1017 2158 rto
1038 2089 1094 2148 τῶν
1112 2085 1239 2164 φευγόν-

158 2212 212 2251 των
241 2188 363 2266 δύναμιν
393 2192 523 2257 κατιέναι
551 2193 669 2256 numeri
701 2193 824 2257 oratorii
855 2194 1029 2278 postulant,
1054 2203 1090 2256 ut
1112 2195 1241 2258 κατιέναι

161 2297 337 2362 retineatur.
383 2298 425 2361 Et
453 2301 628 2374 οωίνίτεοίαι
652 2301 744 2366 habet
766 2302 865 2366 multo
887 2301 1028 2365 latiorem
1052 2301 1244 2384 significatio-

160 2428 228 2470 nem
259 2427 351 2491 quam
381 2409 521 2472 κατιέναι.
568 2405 658 2472 Nihil
685 2411 767 2473 enim
791 2419 837 2474 est
860 2409 943 2494 quod
966 2416 1071 2493 cogat,
1096 2417 1133 2473 ut
1155 2412 1244 2484 σωίνί·

161 2518 256 2581 τεσίοοι
278 2516 493 2580 tautummodo
517 2516 555 2581 de
577 2517 681 2582 reditu
703 2519 736 2582 in
752 2520 881 2603 patriam
898 2519 1143 2602 interpretemur,
1161 2520 1244 2604 quod

161 2632 224 2688 tum
255 2624 381 2689 demum
411 2626 618 2690 necessarium
648 2633 745 2704 esset,
774 2628 800 2690 si
829 2611 942 2710 οίκαδε,
973 2629 1049 2707 δεῦρο
1073 2629 1122 2691 vel
1145 2627 1243 2692 simile

162 2734 234 2818 quid
258 2734 398 2799 additum
423 2742 519 2812 esset3
543 2735 595 2799 sed
619 2737 823 2821 conplectitur
845 2737 936 2800 simul
961 2759 995 2800 ea
1018 2737 1099 2801 bona
1115 2759 1192 2821 quae
1209 2761 1245 2802 ex

160 2846 255 2928 patria
285 2846 318 2910 in
346 2846 501 2931 integrum
523 2848 669 2911 restituta
692 2854 876 2932 proventura
899 2855 994 2910 erant.
1042 2846 1172 2911 Mirifice
1195 2847 1246 2911 fn·-

160 2961 232 3036 gent
255 2955 271 3029 ἣ
296 2954 343 3018 δια
363 2956 417 3029 τὴν
440 2961 496 3019 τῶν
517 2955 687 3036 φευγόντων
710 2955 831 3032 δύναμιν
855 2956 967 3018 omisso
991 2957 1120 3020 κατιέναι
1136 2957 1168 3021 in
1185 2958 1245 3020 fine

161 3063 327 3126 sententiae
357 3065 467 3148 posita.
514 3064 555 3128 Et
586 3065 722 3128 conferas
754 3064 847 3149 paulo
875 3073 945 3148 post
969 3064 1035 3147 (23)
1059 3064 1245 3129 τυνίοίνεοίαι

160 3171 211 3246 μέν
233 3209 278 3221 -
301 3174 488 3238 αἰοίοίνεοίαι
511 3174 556 3249 δέ,
581 3174 637 3238 ubi
659 3182 706 3238 est
730 3174 834 3238 eadem
858 3174 1010 3237 rhetorica
1033 3172 1165 3236 ubertas.
1199 3172 1245 3236 of.

164 3282 211 3343 16.
234 3283 282 3346 13.
323 3280 389 3345 Nec
417 3283 580 3346 fortuitum
607 3290 683 3367 puto
712 3284 846 3347 sectione
874 3286 916 3345 24
944 3282 1001 3346 sub
1028 3283 1080 3344 fin.
1110 3284 1160 3354 τὴν
1188 3281 1248 3361 νοὶρ

160 3391 264 3455 τούτων
291 3393 459 3472 πονηρίαν
482 3393 591 3458 ἑαυτῶν
626 3396 766 3470 ἡγοῦνται
797 3393 975 3470 σωτηρίαν
1000 3399 1030 3455 et
1052 3393 1069 3474 ᾧ
1092 3394 1133 3453 23
1158 3416 1248 3464 corn·

160 3496 219 3577 ρίαν
242 3536 286 3547 --
309 3500 457 3579 τιμωρίαν.
504 3498 552 3564 Of.
576 3500 656 3564 intra
679 3500 718 3564 ad
742 3508 818 3564 orat.
844 3504 885 3565 30
911 3499 1181 3583 (Nicomacheam).

202 3609 219 3692 3
242 3611 295 3672 23.
343 3609 434 3674 Οὐδὲν
456 3609 515 3687 γὰρ
538 3607 574 3672 έον
596 3607 638 3684 εἴη
658 3611 756 3680 αὐτοῖς
773 3610 982 3689 χαλεπώτερον
1001 3608 1124 3688 τούτων,
1146 3609 1161 3681 a
1182 3633 1250 3673 τυν-

160 3716 290 3782 ίοίνεοίαι
313 3717 383 3801 μέν,
408 3742 436 3781 κ.
460 3742 489 3781 τ.
513 3719 536 3782 ἑ.
584 3717 712 3782 Minime
736 3717 887 3780 assentior
909 3716 1032 3780 Dobreo
1057 3717 1073 3791 a
1097 3718 1247 3796 eiicienti,

161 3847 237 3908 quae
268 3827 454 3890 constructio
481 3827 557 3890 mihi
580 3826 715 3910 pedestri
739 3827 869 3890 orationi
893 3826 1095 3890 abiudioanda
1120 3827 1248 3892 videtur.

159 3933 237 3999 Plat.
263 3935 358 4019 Gorg.
382 3958 413 4020 p.
440 3937 514 3998 519.
538 3935 586 3998 D:
610 3935 660 3999 καί
679 3935 781 4000 τούτου
801 3941 853 4000 τοῦ
872 3935 1009 4013 λέγοντί
1029 3935 1251 4016 κυνικώτερον

159 4043 200 4118 aia
216 4049 363 4122 πρᾶγμα,
379 4044 540 4124 ἀνθρώπους
555 4043 684 4120 aymone
699 4043 749 4107 καί
766 4044 888 4114 δικαίους
906 4044 1073 4121 γενομένους
1085 4082 1130 4092 -
1145 4045 1251 4108 arrasa

159 4153 250 4232 τούτῳ
272 4149 293 4234 ᾧ
317 4155 368 4218 οὐκ
391 4153 524 4233 έχουοινς
550 4154 740 4217 accusativus
765 4176 834 4218 cum
857 4155 1010 4218 infinitivo
1034 4176 1088 4237 per
1109 4175 1252 4237 epexege-

160 4263 208 4326 sin
231 4260 357 4326 additus
377 4284 544 4345 suspensus
561 4269 608 4325 est
624 4283 660 4324 ex
676 4263 781 4338 λίνου,
799 4261 948 4326 vocabulo
965 4260 1095 4325 dicendi.
1121 4261 1252 4346 Reliqua

161 4370 299 4454 exempla
330 4378 403 4434 suut
435 4377 594 4456 poetarum
627 4369 700 4432 Eur.
726 4371 794 4433 Alc.
821 4373 902 4432 899:
927 4371 957 4434 τί
980 4372 1040 4450 νοὶρ
1062 4371 1139 4449 οίνδρί
1164 4374 1252 4436 κακὸν

1078 4483 1134 4538 12*ιι
