3074 5210
636 489 697 552 131

128 688 209 754 λεπὸν
235 691 291 768 μὲν
311 687 371 771 οὖν,
396 689 499 774 inquit
522 699 644 765 orator,
669 691 878 764 ἀπολογεῖσθαι
901 687 969 768 πρὸς
992 687 1096 752 σπάνιν
1119 691 1209 768 dryo-

126 801 193 879 ρίου,
217 799 234 875 ἣ
260 808 306 866 νῦν
329 804 405 866 ἐστιν
430 804 459 865 ἐν
483 811 520 882 τῇ
543 802 642 882 πόλει,
666 802 716 865 καὶ
740 805 790 866 τοῦ
811 801 922 878 ulydiae
943 801 1011 890 πρὸς
1031 799 1064 863 ri
1078 799 1210 877 δημόσιον

124 909 206 983 ὄντος.
255 911 355 997 Igitur
385 913 450 977 fieri
479 921 596 997 potest,
622 909 1211 996 utiudices‚quihus,‚u11umopus”

124 1028 199 1084 esset
230 1024 379 1087 aerarium
412 1045 465 1108 per
494 1023 608 1087 iudicia
638 1023 842 1108 locupletare,
878 1021 998 1086 facilius
1033 1029 1212 1107 argumente

123 1151 239 1195 reorum
273 1134 410 1218 vulgaria
441 1134 629 1218 perceperint
663 1156 752 1218 quam
777 1155 849 1211 nos,
875 1132 987 1216 quibus
1010 1132 1092 1197 furta
1115 1141 1145 1197 et
1167 1156 1212 1196 ra·

124 1241 208 1325 pinae
241 1243 299 1308 sub
329 1244 428 1328 specie
455 1245 530 1307 iuris
554 1245 714 1308 commissa
738 1267 797 1308 usu
821 1251 893 1308 nota
917 1267 978 1308 non
1003 1244 1081 1322 sint;
1106 1267 1212 1308 verun-

123 1359 221 1416 tamen
246 1361 428 1439 argumenta
451 1377 514 1418 non
537 1361 600 1418 tam
624 1354 772 1419 brevitate
797 1354 926 1418 obscura
950 1363 1022 1418 sunt
1041 1357 1131 1439 (quae
1149 1355 1211 1420 hre-

124 1464 215 1542 vitas,
233 1467 261 1528 si
278 1466 316 1530 ad
334 1488 448 1550 gnaros
465 1465 557 1530 verba
573 1466 669 1544 fiunt,
687 1464 778 1530 debet
793 1467 973 1550 condonari)
989 1489 1079 1551 quam
1097 1468 1213 1551 magnis

125 1576 303 1662 ambagibus
326 1577 485 1663 perplexa;
502 1577 707 1662 undecunque
724 1586 903 1662 argumenta
918 1578 1066 1664 arripiens
1083 1577 1212 1642 subinde

126 1687 201 1752 nihil
225 1682 339 1773 pr'obat
362 1697 472 1754 orator.
520 1689 622 1754 Etiam
651 1711 711 1774 quo
736 1691 864 1754 oonsilio
888 1690 1010 1774 singula
1032 1691 1212 1767 afferantur,

125 1819 183 1862 non
208 1800 291 1866 clare
315 1800 460 1866 docemur
485 1801 534 1885 (de
558 1824 620 1887 quo
643 1803 718 1865 vitio
736 1803 773 1866 cf.
791 1825 881 1887 supra
897 1826 926 1887 p.
947 1805 1031 1887 119).
1056 1801 1096 1866 llt
1112 1811 1213 1866 tamen

125 1909 249 1992 indicia,
276 1913 358 1978 unde
381 1914 557 1979 recentioris
581 1913 711 1978 rhetoris
735 1915 914 1979 declamatio
935 1923 1132 2000 agnoscatur,
1149 1934 1212 1976 non

126 2019 333 2088 inveniuntur.
380 2024 439 2088 Res
469 2033 651 2090 memoratae
683 2049 752 2090 cum
782 2026 998 2090 historicorum
1027 2023 1211 2088 testimoniis

127 2136 331 2214 conveniunt;
356 2137 531 2222 similesque
554 2137 643 2200 naevi
668 2136 741 2201 alibi
764 2159 887 2222 quoque
911 2136 992 2222 apud
1012 2135 1134 2220 Lysiam
1151 2156 1213 2198 non

127 2241 246 2309 desunt.
295 2246 405 2332 Itaque
428 2271 489 2311 non
514 2246 640 2325 dubito,
666 2249 740 2334 quin
764 2247 872 2334 Lysiae
889 2250 930 2312 sit
951 2249 1065 2326 oratio,
1083 2245 1136 2311 sed
1152 2268 1211 2309 nou

127 2362 169 2416 est
193 2358 313 2441 optima
336 2380 372 2422 ex
394 2357 540 2442 Lysiacis.

169 2463 329 2531 Sectiones
361 2471 445 2531 2-5
479 2468 517 2532 ad
545 2468 669 2533 verbum
693 2491 788 2553 paene
812 2470 997 2534 conveniunt
1020 2492 1087 2533 cum
1113 2467 1215 2532 Ando

129 2575 202 2639 cidis
232 2579 371 2642 oratione
401 2578 437 2641 de
462 2578 616 2663 Mysteriis
639 2580 655 2663 h
681 2582 775 2644 1-7.
822 2578 940 2643 Locum
964 2595 1153 2644 communem
1178 2603 1215 2644 ex

128 2686 215 2769 τέχνῃ
239 2687 374 2774 quadam
397 2688 591 2775 depromtum
613 2690 703 2754 multi
727 2691 907 2776 interpretes
931 2699 1055 2776 putant5
1080 2693 1133 2755 alii
1153 2693 1215 2754 An-

131 2794 270 2864 docidem
295 2802 432 2887 exemplo
456 2803 548 2866 finisse
571 2801 696 2887 Lysiae;
721 2802 772 2866 alii
795 2803 946 2867 rhetorem
971 2804 1139 2888 quendam,
1162 2804 1215 2887 qui

130 2907 300 2976 Andocidis
322 2934 433 2976 nomen
458 2914 691 2998 praeseferat,
714 2935 749 2977 ex
769 2913 860 2998 Lysia
882 2915 1025 2979 hausisse.
1061 2915 1120 2979 Res
1142 2916 1214 2978 satis

130 3014 246 3086 lubrica
263 3028 317 3086 est.
348 3021 466 3107 Operae
482 3026 614 3109 pretium
630 3026 722 3088 fuerit
737 3033 902 3111 utrumque
918 3026 1019 3090 locum
1035 3025 1214 3090 describere.

352 3133 469 3220 Lysias.
863 3137 1044 3201 Andocides.

131 3239 221 3318 lxta
246 3245 300 3323 μὲν
329 3243 376 3310 οὖν
394 3249 579 3326 παρασκευὴν
600 3249 648 3312 cul
698 3251 725 3310 l.
738 3251 800 3323 Τὴν
830 3249 884 3324 μὲν
914 3249 1098 3326 caparasima
1126 3244 1215 3311 cidr-

172 3357 332 3432 προθυμίαν
357 3363 412 3420 τῶν
428 3359 648 3438 exspectatus,
741 3361 800 3440 δρες
828 3360 877 3424 acl
901 3362 952 3433 τὴν
980 3361 1137 3439 προθυμίαν
1160 3365 1215 3423 τῶν

172 3467 221 3530 nul
261 3466 337 3530 οὐδὲν
377 3467 422 3531 δεῖ
447 3470 510 3548 περὶ
542 3471 649 3535 τούτων
740 3474 846 3552 ἐχθρῶν
875 3479 930 3536 τῶν
956 3473 1048 3548 ἐμῶν,
1072 3467 1138 3534 ὥστ’
1163 3470 1216 3545 ἐμὲ

172 3576 288 3653 λέγειν·
312 3580 364 3652 τὴν
383 3579 407 3642 δ’
422 3581 493 3654 ἐμὴν
513 3583 645 3658 arripias
736 3589 831 3654 κακῶς
863 3590 950 3648 ποιεῖν
971 3584 1003 3646 ἐκ
1026 3582 1134 3651 παντὸς
1155 3581 1216 3659 τρό-

174 3686 285 3758 recrea
312 3687 421 3766 ἴσνισνν,
450 3689 507 3756 door
536 3693 587 3769 ἐμὲ
607 3717 652 3769 γι·
741 3718 795 3758 που
822 3693 872 3759 real
902 3693 1015 3764 δικαίως
1039 3692 1088 3756 acl
1113 3692 1216 3763 ridicae

173 3797 356 3871 ννώσκννσνν.
739 3803 772 3880 ἐξ
798 3807 893 3885 ἀρχῆς
918 3803 1013 3876 ἐπειδὴ
1037 3803 1161 3883 τάχιστ’
1184 3805 1217 3866 ri·

738 3916 865 3998 Φνκόμην
891 3917 930 3987 εἷς
959 3917 1012 3990 τὴν
1032 3915 1121 3980 πόλιν
1148 3939 1218 3978 rau·

740 4029 821 4111 ruri,
847 4028 950 4108 σχεδόν
973 4052 1001 4092 rr
1025 4025 1134 4096 celares
1158 4026 1218 4090 ἐπί-

740 4140 863 4214 στασθε,
901 4138 949 4202 cul
979 4137 1055 4201 cdliv
1082 4137 1127 4200 δεῖ
1153 4135 1216 4215 περὶ

740 4252 847 4314 τούτων
871 4249 996 4318 πολλοὺς
1028 4247 1134 4324 λόγους
1155 4269 1214 4310 πον-

183 4354 340 4430 siraconus
374 4355 420 4421 οὖν
446 4361 524 4436 ὑμᾶς
555 4359 652 4426 lixam
742 4363 848 4425 εῖσθνν·
874 4361 930 4436 ἐγὼ
951 4359 974 4422 δ’
995 4355 1014 4422 ὦ
1038 4356 1135 4437 ἄνδρες
1157 4357 1217 4428 δεή-

185 4463 233 4527 κννὶ
256 4465 338 4548 ῥᾴδια
363 4470 560 4549 χαρίσασθαι,
585 4470 653 4536 ἄνευ
744 4495 833 4549 cocat
858 4471 934 4546 ὑμῶν
960 4468 1059 4533 δίκαιον
1081 4467 1129 4532 urci
1143 4469 1219 4546 ὑμῖν

1064 4581 1101 4639 9*
