3074 5210
610 472 672 536 125

110 706 182 750 nuuc
219 705 339 749 causam
371 683 562 763 παρανόμων,
593 701 694 766 neque
724 701 810 744 reum
836 701 901 744 esse
924 677 1121 758 Poliochum,
1148 687 1184 744 ut

109 796 237 880 plerique
261 795 373 880 opinati
393 793 466 858 olim
486 793 549 857 sint
566 793 762 876 interpretes,
780 789 833 854 sed
849 798 1065 856 accusatorem.
1089 789 1186 856 Totus

22 943 23 958 ι
108 907 246 972 orationis
274 905 355 970 color
385 927 448 971 non
478 903 620 968 convenit
644 901 848 980 accusationi,
872 900 926 966 sed
949 901 1119 968 defensioni
1141 912 1187 969 est

108 1019 285 1103 aptissimus.
320 1017 407 1098 Quae
431 1039 528 1102 quum
550 1016 594 1080 ita
617 1015 693 1093 sint,
719 1013 802 1100 quod
825 1015 842 1100 p
865 1017 905 1078 14
928 1014 1043 1100 legitur
1061 1017 1187 1099 παρανό-

107 1155 161 1209 μων
187 1111 347 1214 φεύγοντος
373 1133 425 1194 τοῦ
447 1131 537 1193 αὐτοῦ
560 1123 657 1206 ἄνδρας
681 1125 772 1192 debet
794 1147 857 1190 non
881 1125 1000 1192 dehoc
1024 1126 1077 1192 sed
1101 1152 1189 1214 supe·

107 1242 178 1306 riore
208 1241 323 1306 iudicio
345 1240 495 1325 intellegi.
542 1241 570 1303 A
601 1237 748 1303 Poliochc
779 1245 847 1303 tum
877 1238 994 1304 mulcta
1015 1240 1099 1304 mille
1123 1240 1189 1306 dra·

107 1353 258 1418 chmarum
289 1361 394 1418 exacta
418 1360 482 1416 erat
505 1360 670 1438 postquam
692 1357 758 1415 erat
779 1359 885 1434 γραφῇ
910 1351 1085 1431 παρανόμων
1107 1351 1190 1418 dam·

22 1463 23 1474 ³
109 1471 191 1529 natus
214 1465 324 1550 (Meier
347 1472 386 1529 et
401 1463 609 1541 Schoemmn,
634 1464 701 1527 Att.
725 1462 814 1526 Proe.
838 1485 868 1548 p.
895 1465 980 1548 286).
1028 1463 1094 1528 Iam
1119 1487 1189 1530 vero

109 1575 150 1640 bis
174 1577 301 1643 eandem
317 1577 408 1664 plane
424 1600 487 1642 rem
503 1577 535 1641 in
551 1574 700 1640 iudicium
716 1574 863 1640 detulisse
879 1574 1061 1640 Poliochum
1069 1625 1078 1654 ‚
1096 1599 1190 1662 quum

109 1690 279 1770 praesertim
308 1689 407 1774 priore
430 1687 660 1774 opportunitate
685 1693 762 1750 esset
786 1684 966 1766 damnatus,
991 1709 1100 1774 parum
1124 1711 1191 1774 pro·

108 1796 200 1863 babile
225 1807 281 1864 est.
328 1799 473 1884 Suspicor
496 1799 592 1883 igitur
614 1797 699 1882 prius
722 1797 810 1861 illum
833 1797 942 1862 tulisse
966 1798 1083 1883 aliquid
1107 1800 1191 1884 quod

109 1930 164 1973 non
186 1911 371 1975 nominatim
393 1911 426 1975 in
449 1909 591 1974 Euoratis
612 1908 692 1973 filios
708 1909 912 1974 constitutum
929 1916 1022 1988 esset,
1039 1909 1092 1974 sed
1108 1910 1191 1995 quod

110 2020 142 2084 ad
163 2023 269 2108 plures
292 2024 475 2108 pertineret,
500 2022 554 2106 qui
577 2021 635 2086 sub
658 2021 785 2106 triginta
808 2022 880 2086 viris
904 2020 1041 2086 damnati
1063 2022 1192 2088 fuissent

109 2139 154 2194 aut
176 2135 351 2220 proscripti.

146 2242 302 2310 Iudicium
335 2245 372 2309 de
402 2245 521 2308 ratione
553 2251 584 2307 et
616 2249 727 2307 natura
758 2264 867 2306 causae
898 2249 998 2308 totum
1022 2245 1135 2328 pendet
1157 2269 1194 2310 ex

107 2355 197 2437 §142
232 2357 344 2428 πάντες
367 2356 427 2438 γαρ
450 2355 574 2420 εἴσονται
598 2355 635 2438 (si
658 2354 806 2419 Poliocho
830 2375 952 2419 causam
977 2355 1193 2422 adjudicaveri-

109 2465 213 2549 tisld'cr
234 2468 303 2534 τότε
318 2467 372 2545 μὲν
386 2467 499 2548 χιλίαις
519 2466 669 2546 δραχμαῖς
690 2463 870 2546 ἐζημιώσατε
887 2465 935 2530 τὸν
950 2465 1125 2545 βσνλᾶμενον
1140 2471 1199 2536 rita

110 2579 248 2662 ἡμετέραν
275 2588 331 2656 γῆν
360 2577 496 2656 δημοσίαν
526 2585 642 2652 ποιησαι
674 2577 730 2642 νυνὶ
762 2579 791 2641 δὲ
819 2578 942 2644 κελεύων
965 2577 1107 2656 δημεῦσαι
1129 2581 1195 2644 νενί-

110 2713 180 2763 κηκε.
230 2691 315 2755 Haec
346 2691 462 2755 nullam
493 2689 627 2754 offerunt
657 2687 886 2768 difficultatem
912 2690 973 2753 iam
996 2690 1048 2754 alii
1072 2699 1195 2755 annota-

111 2811 212 2867 verunt
242 2803 500 2880 caricundim,
526 2798 786 2885 quemadmodum
810 2798 991 2880 ἐζημιώσατε
1014 2823 1195 2886 suspensum

111 2933 169 2978 esse
192 2916 232 2982 ab
256 2915 374 2980 εἴσεσθε.
421 2914 517 2978 Porro
547 2912 676 2977 articulo
705 2920 776 2976 ante
799 2913 923 2977 κελεύων
946 2934 1008 2976 non
1031 2934 1109 2997 opus
1133 2921 1195 2993 est;

112 3024 276 3092 subiectum
309 3028 390 3091 enim
422 3023 492 3090 ante
521 3027 661 3107 νενίκηκε,
696 3025 746 3088 cui
776 3024 898 3090 κελεύων
929 3033 975 3089 est
1003 3026 1195 3109 appositum,

111 3141 272 3204 assumitur
303 3162 339 3202 ex
356 3138 469 3203 ¹verbis
499 3137 548 3202 τὸν
570 3119 761 3214 decadarum
794 3135 917 3200 futurus
941 3140 1006 3198 erat
1028 3135 1078 3198 hic
1101 3136 1198 3200 homi-

111 3267 180 3312 num
203 3272 318 3314 sermo:
342 3250 570 3328 „Athenienses
586 3248 661 3312 olim
676 3246 885 3311 multaverunt
901 3268 969 3310 eum
986 3246 1040 3329 qui
1056 3246 1197 3312 Euoratis

111 3357 208 3433 „bona
244 3362 395 3446 publicari
429 3362 537 3436 iussit,
574 3381 656 3423 nunc
691 3358 741 3422 hic
772 3358 805 3421 in
837 3357 943 3422 eadem
972 3378 1063 3422 causa
1093 3358 1197 3425 vicit.’'

112 3466 270 3557 Superiore
294 3472 453 3556 rogatione
469 3494 531 3536 non
548 3477 670 3534 tantum
687 3468 828 3533 Euoratis
845 3468 901 3534 filii
918 3469 971 3536 sed
988 3471 1041 3534 alii
1057 3492 1197 3554 quoque,

18 3599 19 3628 ι
113 3589 143 3644 ut
173 3585 346 3669 suspicatus
378 3605 464 3661 sum,
496 3582 695 3668 petebantur;
728 3579 782 3644 sed
814 3602 875 3664 quo
899 3580 1048 3645 efficacius
1072 3589 1199 3665 quanto-

18 3735 19 3756 2
114 3712 179 3774 pere
212 3696 343 3760 alterum
374 3693 525 3758 iudicium
557 3716 626 3757 oum
655 3693 755 3777 priore
778 3700 931 3776 pugnaret
954 3692 1112 3770 ostendat,
1137 3693 1198 3757 illis

18 3831 19 3834 ¹
116 3806 211 3871 verbis
233 3806 282 3871 τὸν
305 3805 480 3884 βουλόμενον
506 3844 550 3854 -
572 3813 689 3879 τσιῆσαι
712 3801 904 3866 voluntatem
925 3801 1066 3866 Poliochi
1087 3803 1118 3866 in
1135 3827 1200 3888 pse·

115 3914 262 3996 phismate
286 3917 423 4002 rogando
452 3916 600 3980 invidiose
625 3915 781 3998 designat:
807 3913 896 3976 illum
919 3914 972 3997 qui
995 3915 1200 3999 psephismate

117 4025 192 4092 nihil
216 4028 314 4092 voluit
337 4027 423 4092 aliud
448 4050 540 4111 quarn
556 4033 695 4090 nostrum
711 4023 931 4109 patrimonium
947 4025 1060 4089 aerario
1077 4024 1199 4090 donare.

116 4135 219 4204 Lectio
244 4146 346 4204 autem
370 4139 521 4203 librorum
544 4137 684 4220 ἐζημίωσε
708 4142 788 4198 stare
812 4154 873 4197 non
898 4143 1015 4219 potest,
1041 4137 1083 4214 si,
1100 4145 1136 4200 ut
1152 4137 1201 4200 de-

119 4251 298 4328 monstravi,
337 4251 436 4335 priore
468 4249 698 4335 opportunitate
728 4245 893 4309 Poliochns
924 4267 1003 4325 non,
1043 4253 1077 4310 ut
1107 4248 1200 4332 vulgo

120 4367 243 4441 putant,
269 4361 389 4443 γραφὴν
411 4360 585 4442 παρανόμων
609 4359 761 4436 instituit3
786 4356 840 4421 sed
862 4359 927 4443 ipse
951 4381 986 4423 ea
1008 4359 1122 4443 petitus
1145 4367 1200 4423 est.

121 4466 265 4536 Maiorem
296 4470 506 4537 difficultatem
537 4479 660 4538 movent
683 4468 857 4554 sequentia:
881 4469 930 4534 καὶ
954 4470 1016 4551 περὶ
1039 4469 1145 4534 τούτων
1168 4469 1195 4534 l*
