3126 5210
836 427 899 486 198

316 628 528 705 ἐξαιτήσονται.
575 622 705 686 Nullam
733 621 944 686 difficultatem
976 622 1101 686 haberet
1130 623 1302 686 infinitivus
1327 646 1424 708 epex-

317 738 452 822 egetieus
478 735 596 819 positus
620 743 691 818 post
713 731 788 814 θίπερ
812 735 861 816 (eu
875 732 1000 808 multis,
1019 733 1044 796 si
1061 734 1140 796 tanti
1163 743 1226 811 est,
1251 735 1289 798 ef.
1315 734 1420 796 Thuc.

317 848 344 911 I.
371 847 475 928 tta),
506 843 568 906 nisi
600 841 754 906 accederet
784 841 909 920 οιύτοθς,
939 843 1021 926 quod
1046 866 1107 928 quo
1131 844 1165 908 in
1188 844 1325 928 generali
1349 867 1422 908 sen·

317 955 414 1020 tentia
449 953 613 1029 referatur,
645 973 708 1016 nou
739 959 864 1036 apparet
871 976 881 1028 3
913 951 940 1014 si
969 954 1034 1024 τοὺς
1065 954 1234 1034 φεύγοντος
1266 962 1321 1016 aut
1350 955 1421 1024 τοὺς

315 1066 429 1136 οἰκείους
460 1063 628 1146 legeretur,
661 1082 750 1125 nemo
775 1061 922 1124 haereret.
970 1062 1030 1126 Sed
1058 1063 1155 1126 lenior
1178 1073 1225 1126 est
1247 1062 1404 1126 medicina
1409 1088 1419 1140 ς

317 1174 481 1259 legendum
511 1170 592 1241 τοὺς
627 1171 775 1242 οοίτίους.
807 1208 852 1220 -
883 1171 962 1235 Sect.
1002 1175 1040 1236 13
1078 1195 1134 1258 pro
1173 1175 1342 1248 ονίτνίσοντοιι
1379 1174 1422 1237 le·

315 1284 448 1369 gendum
473 1287 549 1366 puto
572 1278 785 1355 districtarum.
833 1279 899 1344 Neo
922 1290 1096 1346 προτείνειε
1120 1281 1328 1347 Nicomachus
1355 1286 1373 1368 b
1398 1287 1418 1347 3

318 1394 384 1459 οὔτε
408 1400 463 1458 τῶν
487 1387 680 1466 αἰτησομένων
703 1389 802 1460 οὐδείς.
849 1389 1022 1474 Utrobique
1043 1391 1076 1468 ἐξ
1103 1393 1260 1456 omissum.
1304 1393 1361 1469 Ἐξ
1390 1401 1421 1456 et

319 1504 343 1568 δι
373 1525 425 1588 per
456 1498 672 1584 compendium
700 1499 813 1583 scripta
846 1500 891 1564 ita
914 1507 987 1563 sunt
1010 1501 1122 1564 similia
1145 1509 1181 1565 ut
1205 1502 1255 1566 vix
1279 1502 1421 1586 dignosci

321 1612 442 1698 possint
449 1637 459 1689 3
491 1609 550 1672 boe
580 1610 605 1673 δι
636 1607 746 1672 deinde
780 1609 927 1674 omissum
963 1617 1009 1674 est
1044 1611 1127 1695 quod
1163 1633 1226 1674 non
1263 1613 1421 1697 intellege-

322 1723 422 1786 batur.
1105 1721 1107 1724 ’

364 1834 381 1916 b
407 1833 456 1894 ld.
503 1824 681 1906 Praeterea,
706 1829 826 1914 inquit,
851 1829 1009 1914 probabile
1033 1839 1079 1895 est
1103 1831 1226 1896 eosdem
1251 1831 1343 1894 etiam
1372 1853 1418 1894 ac

321 1949 476 2006 cusatores
496 1946 673 2004 exoraturos
693 1961 757 2002 esse
777 1939 959 2024 (δεήσετθοιν).
994 1940 1092 2004 Paulo
1115 1949 1185 2025 port
1208 1943 1225 2026 ᾧ
1251 1942 1309 2002 15;
1335 1945 1418 2018 ἡμεῖς

322 2053 375 2129 μὲν
404 2050 496 2114 τοίνυν
526 2051 576 2114 οὐκ
606 2049 836 2123 ν’θελνίτοομεν
872 2049 1019 2126 ποοδοῦνοον
1051 2072 1155 2113 rursus
1187 2049 1226 2113 de
1255 2049 1360 2114 eadem
1388 2072 1419 2112 re

323 2171 471 2246 tanquam
503 2159 666 2244 praeterita
698 2180 795 2221 sermo
827 2164 890 2235 est,
921 2159 976 2223 ubi
999 2159 1077 2222 ratio
1101 2160 1287 2244 postularet:
1312 2163 1363 2224 οὐκ
1385 2160 1420 2224 θον

323 2274 523 2347 ἐθελήσαιμεν.
570 2268 629 2332 Sed
662 2267 766 2332 eadem
797 2269 859 2332 fere
890 2269 923 2331 in
953 2267 1162 2333 Nicomachea
1189 2272 1289 2355 §352
1315 2275 1420 2346 ἡμεῖς

323 2383 387 2461 μὲν
418 2381 537 2446 τοίνυν
566 2381 628 2443 οὐκ
659 2381 886 2456 ἦθελνίτοομεν
918 2378 972 2444 ὑπὸ
995 2381 1103 2444 τούτων
1122 2380 1283 2458 ἀξιούμενον
1307 2381 1421 2453 πεισθῆ-

323 2518 387 2575 νοοι,
412 2491 466 2556 ubi
488 2489 653 2573 praecessit
675 2490 692 2573 b
715 2491 775 2552 34:
800 2490 902 2553 πολλοὶ
918 2489 1060 2564 δεηθέντες
1080 2496 1136 2556 τῶν
1152 2490 1321 2571 κοιτννόρυν
1338 2493 1420 2568 ἡμᾶς

323 2605 377 2680 μὲν
406 2603 538 2678 οὐδοομῶς
569 2599 729 2664 ἔπειτονν.
776 2600 862 2664 Haeo
884 2601 1000 2685 igitur,
1025 2601 1069 2665 ibi
1092 2610 1181 2686 apta,
1205 2603 1239 2665 in
1262 2601 1420 2686 Epicratea

324 2713 424 2778 alieno
447 2711 516 2774 loco
539 2712 653 2774 inserta
676 2719 759 2774 sunt.

368 2824 385 2907 ᾧ
410 2824 460 2884 15.
509 2825 592 2899 ἡμεῖς
619 2822 672 2898 μὲν
699 2821 790 2886 τοίνυν
813 2825 864 2886 οὐκ
887 2823 1069 2900 ἠθελνίοοομεν
1092 2823 1259 2902 προδοῢνοιι,
1283 2821 1418 2898 οίξιοῡμεν

325 2933 355 2996 δὲ
377 2931 445 3007 μηδ’
471 2930 568 3007 ὑμᾶς,
593 2929 831 3009 ἐνθυμουμένους,
856 2929 898 2995 ὅτι
919 2931 1020 3012 σφόδρ’
1045 2930 1081 2995 θον
1105 2936 1173 3008 ἡμῖν
1197 2931 1349 3011 ὠργίζεσθε
1371 2931 1418 2994 aci

326 3040 520 3121 ἐτιμωρεῖσθε,
546 3036 630 3104 ὅπου
653 3039 948 3122 παρεπίπτομεν,
976 3043 1018 3112 ὡς
1045 3040 1141 3112 riade
1164 3042 1245 3112 τοὺς
1268 3041 1423 3105 οίδικοῦν-

327 3173 412 3224 τοις,
444 3150 467 3212 εί
492 3152 576 3225 ἡμεῖς
604 3149 686 3228 πυροί
712 3147 856 3224 τοθτυνιδ
880 3150 1028 3228 χρήματος
1051 3149 1195 3226 λοοβθντες
1221 3151 1239 3224 ἢ
1262 3147 1347 3229 ἄλλῳ
1370 3148 1420 3214 τινί

328 3261 422 3340 τρόπῳ
461 3259 675 3336 δινλλοίννμεν.
722 3259 927 3323 Marklandus
948 3261 1166 3338 ,ποιρονπίπτειν
1204 3260 1423 3343 interpretatur

324 3375 434 3454 portes
458 3375 592 3446 ιιιυίοιο;
620 3369 730 3432 melius
759 3369 866 3452 utique
889 3368 1049 3433 Reiskius:
1073 3375 1106 3433 ιὀο
1127 3391 1234 3433 monus
1257 3375 1422 3434 cucurrere.

329 3478 388 3541 Sed
411 3498 511 3560 neque
535 3475 604 3542 ίπου
627 3489 709 3542 recte
733 3501 765 3542 se
788 3479 900 3543 habere
922 3484 1038 3563 potest,
1066 3500 1165 3563 neque
1189 3479 1309 3542 fortuiti
1332 3480 1424 3564 signi·

328 3589 446 3664 ficati0,
480 3610 558 3671 quae
589 3589 668 3651 inest
699 3589 732 3651 in
764 3589 854 3652 verbo
886 3589 1104 3669 ποοροιπίπτειν,
1129 3595 1200 3672 apta
1223 3596 1284 3666 est,
1314 3612 1354 3652 ne
1382 3589 1425 3652 di-

329 3723 396 3765 cam
417 3699 564 3783 languida
591 3699 757 3764 admodum
789 3723 854 3764 esse
882 3722 961 3784 quae
993 3705 1178 3783 sequuntur:
1202 3700 1239 3770 ὡς
1263 3699 1336 3772 είκδς
1359 3701 1423 3770 τοὺς

329 3813 512 3882 οίδικοῦντοος.
559 3809 689 3894 Scripsit
711 3810 838 3874 fortasse
858 3807 934 3882 ὅπως
956 3811 1181 3888 περιεπίπτομεν
1204 3803 1244 3879 οίς
1264 3808 1337 3880 είκδς
1360 3811 1425 3882 τοὺς

330 3924 523 3998 ἀδικοῦντος,
547 3922 655 4004 utique
679 3921 752 3984 satis
775 3921 911 3985 verbose.

373 4035 401 4117 ῤ’
415 4035 465 4094 16.
512 4031 564 4095 κυνί
590 4033 651 4114 μή,
685 4030 779 4111 ὥσπερ
810 4035 839 4096 ἕν
870 4034 909 4112 τῷ
942 4031 1012 4100 πίονι
1040 4029 1134 4111 χρόνῳ
1164 4029 1310 4106 εἰθισμένοι
1342 4028 1423 4103 ἔντε’,

330 4141 446 4206 ἐπειδοδν
469 4139 751 4221 καταψηφισάμενοι
775 4139 951 4217 ἐξελέγξητε
971 4141 1036 4212 τοὺς
1060 4139 1248 4214 οίδικοῦντοις,
1275 4139 1304 4202 ἐν
1322 4141 1364 4218 τῷ
1383 4161 1423 4202 τν-

329 4252 448 4329 μήμοιτι
479 4250 616 4331 οίζνμίους
646 4251 763 4332 οίφίετε.
811 4249 883 4314 Non
915 4252 989 4314 satis
1012 4267 1159 4334 assequor
1183 4249 1259 4334 quid
1283 4248 1423 4312 Dobreus

331 4361 389 4427 hac
411 4345 609 4426 annotatione
633 4360 780 4424 voluerit:
805 4367 876 4440 „aci
901 4365 943 4439 μὴ
966 4359 1059 4443 ὥσπερ
1079 4400 1125 4409 -
1147 4362 1197 4426 είθ.
1222 4361 1289 4424 ἐστὲ
1307 4359 1424 4441 ἀφίετε·
