3128 5208
669 513 707 577 17

142 735 182 776 ex
208 715 453 800 opportunitate,
478 735 539 798 qua
562 713 644 776 dicta
666 711 796 790 fuerint,
821 712 919 776 lucem
936 712 1069 797 accipere
1085 713 1229 798 potuisse.

139 824 205 888 Sed
227 825 432 910 simplicitatis
455 825 674 908 tenuitatisque
697 823 764 887 laus
788 823 845 888 hoe
869 831 950 888 certe
973 823 1164 908 postulabat,
1196 831 1230 888 ut

138 934 275 1000 breviter
309 935 347 999 de
365 937 423 1014 re,
457 957 534 1020 quae
565 935 597 999 in
626 935 691 998 iure
722 941 910 1012 versaretur,
935 942 1151 1019 exponeretur,
1176 942 1230 999 aut

137 1047 201 1111 sub
220 1047 310 1110 finem
331 1055 411 1111 certe
429 1046 666 1131 intellegeretur,
688 1045 764 1130 quid
779 1045 970 1131 potissimum
987 1052 1089 1110 orator
1107 1045 1229 1112 demon-

136 1165 277 1222 strasset.
324 1157 407 1222 Nolo
437 1180 645 1245 praesumere,
674 1149 752 1241 quae
774 1155 854 1220 inira
876 1157 974 1221 fusius
997 1156 1229 1236 demonstrabo,

135 1291 243 1354 neque
266 1277 312 1333 est
334 1270 408 1334 haec
431 1293 478 1334 res
501 1271 562 1336 aaa
585 1269 727 1350 πάρεργον
750 1269 980 1353 pertractanda;
1012 1269 1066 1333 sed
1088 1269 1164 1333 mihi
1187 1269 1230 1332 ita

135 1380 239 1444 videri
256 1380 350 1458 solet,
375 1381 529 1446 hominem
545 1402 694 1445 consensu
710 1403 728 1444 a
742 1381 895 1446 veteribus
911 1382 1095 1447 celebratum
1107 1387 1231 1465 propter

135 1493 390 1577 perspicuitatem
411 1515 473 1556 non
486 1492 622 1578 potuisse
637 1499 700 1556 tam
716 1491 838 1555 turbate
854 1491 953 1556 dicere
969 1499 1060 1576 atque
1075 1491 1107 1555 in
1123 1491 1229 1555 multis

135 1604 331 1669 orationibus
354 1605 467 1669 factum
493 1605 640 1670 ridemus.
686 1603 807 1688 Inspice
831 1603 1014 1688 Dionysium
1038 1602 1075 1667 de
1098 1601 1170 1688 Lys.
1187 1607 1244 1680 4²,

135 1715 238 1795 τρίτην
265 1717 367 1795 aperta
395 1715 599 1797 ἀποφαίνομαι
628 1715 691 1795 περὶ
723 1715 770 1779 τὸν
801 1714 890 1793 ἄνδρα
920 1715 971 1788 την
996 1714 1174 1795 σοοφηνειοον,
1198 1717 1229 1779 οὐ

135 1829 225 1903 μόνον
248 1828 300 1901 την
323 1829 352 1892 ἕν
367 1834 425 1900 τοῖς
442 1828 595 1905 ὀνόμασιν,
616 1827 700 1892 ἄλλοι
723 1825 772 1890 κου’
796 1827 847 1900 την
867 1827 895 1889 ἐν
910 1833 969 1898 τοῖς
985 1825 1168 1906 πράγμασιν.
1184 1862 1229 1874 -

135 1946 204 2013 Τῆς
231 1938 285 2015 μὲν
309 1938 475 2003 Θουκυδίδου
498 1937 673 2014 λέξεωςκαὶ
697 1937 911 2015 Δημοσθένους,
936 1932 961 2002 οἳ
983 1936 1135 2002 δεινότατοι
1159 1935 1230 2017 τροι-

135 2048 240 2127 γμοοι)
261 2047 383 2124 ἐξειπεῖν
402 2050 547 2126 ἕνένοντο,
569 2049 669 2113 πολλοὶ
688 2046 849 2120 Bassiane?
868 2049 925 2114 aa
944 2051 1013 2126 ημῖν
1037 2047 1086 2112 κκὶ
1106 2049 1228 2132 οέσοοφῆ,

136 2161 188 2224 καὶ
215 2159 337 2237 δεόμενοι
359 2159 517 2238 ἐξηγητοῦ,
542 2163 559 2237 ’ἡ
583 2161 612 2224 δὲ
631 2162 739 2226 Λυσίου
758 2159 837 2238 λέξις
857 2157 952 2224 trar'
971 2160 1032 2224 ἔστι
1052 2159 1166 2241 φανεροὶ
1178 2157 1228 2222 acl

137 2272 242 2351 σοοφης
267 2273 316 2336 aa>
339 2275 379 2353 τῷ
399 2272 476 2336 sclao
500 2271 588 2354 τδρῥω
612 2273 735 2338 δοκοῦντι
760 2279 911 2337 πολιτικῶν
929 2271 1099 2353 ἀφεστάναι
1122 2270 1226 2346 λόγων.

139 2381 201 2446 His
226 2382 295 2466 quis
319 2383 409 2448 hodie
432 2383 655 2449 subscriberet?
679 2383 855 2467 Ambigitur
869 2383 902 2447 in
917 2382 1022 2447 multis
1039 2381 1227 2446 orationibus

138 2494 177 2558 de
211 2517 273 2578 qua
302 2503 406 2578 νροιφη
439 2504 564 2580 agatur,
594 2495 666 2579 quid
699 2495 863 2580 deliquerit
890 2494 1013 2558 tandem
1036 2515 1124 2572 reus,
1148 2513 1227 2576 quae

137 2610 241 2692 poena
263 2605 436 2684 immineat,
462 2606 585 2691 quando
608 2593 705 2670 oratio
728 2606 811 2670 dicta
833 2606 890 2683 sit,
915 2628 990 2670 num
1012 2605 1053 2668 sit
1072 2604 1228 2684 δεοτερολο-

137 2717 211 2798 yla,
229 2737 268 2779 an
284 2719 465 2796 τριτολονίκ,
483 2740 521 2781 an
538 2717 686 2803 epilogus.
710 2717 833 2795 Meieri,
851 2717 1046 2795 Hoelscheri,
1061 2713 1228 2780 Hamakeri

137 2828 267 2892 nomina
290 2828 453 2912 protulisse
476 2828 621 2908 sufficiet,
645 2837 681 2893 ut
704 2837 836 2913 quantae
851 2829 940 2892 molis
956 2828 1050 2893 luerit
1066 2832 1225 2914 appareat,

139 2961 247 3002 verum
277 2960 385 3002 causae
412 2947 526 3004 statum
557 2939 681 3004 efficere.
721 2942 766 3004 Ac
797 2940 862 3003 fieri
888 2961 950 3004 non
974 2946 1091 3024 potest,
1116 2946 1151 3002 ut
1174 2937 1227 3000 Di-

139 3049 268 3134 onysius
297 3049 440 3114 obscuras
471 3051 622 3115 orationes
644 3050 738 3136 Lysia
764 3050 906 3136 indignas
937 3049 1097 3126 iudicarit,
1133 3056 1163 3113 et
1192 3048 1225 3110 in

138 3159 256 3225 iudicio
287 3160 411 3226 ferendo
441 3162 625 3246 seposuerit,
658 3185 727 3226 nam
757 3161 896 3226 videmus
926 3183 996 3225 eum
1019 3160 1114 3246 vulgo
1138 3159 1227 3223 aliam

20 3313 24 3316 -
139 3272 290 3336 rationem
322 3281 477 3350 seeutnm3
504 3295 574 3338 narn
599 3296 660 3357 quo
681 3274 748 3338 loco
773 3277 811 3357 (o.
838 3276 891 3357 lt)
916 3273 992 3337 dicit
1015 3280 1175 3336 venustate
1199 3277 1229 3334 et

142 3383 240 3466 gratia
273 3385 472 3470 conspicuum
496 3407 560 3450 esse
584 3385 725 3472 Lysiam,
750 3386 909 3470 subiungit
933 3407 964 3449 se
987 3407 1037 3449 eas
1060 3384 1227 3460 orationeS,

143 3515 221 3577 quae
244 3495 300 3560 hae
324 3497 437 3560 virtute
460 3506 599 3575 careant,
625 3498 838 3582 suppositieias
861 3496 1005 3560 iudicare.
1053 3494 1100 3558 De
1116 3492 1230 3579 perspi·
1334 3547 1336 3552 .

143 3606 256 3669 onitate
286 3605 396 3690 Lysiae
427 3608 492 3671 sine
520 3607 584 3672 ulla
608 3608 784 3693 exceptione
806 3607 953 3692 loquitur.
1001 3606 1109 3670 Potius
1132 3605 1229 3690 igitur

142 3715 173 3778 in
198 3716 374 3780 universum
401 3717 594 3796 crediderim,
622 3717 731 3803 Lysiae
755 3719 905 3782 orationes
929 3717 1046 3781 difficili
1068 3716 1229 3781 intellectu

141 3849 204 3891 non
236 3827 401 3905 laborasse3
434 3829 517 3913 quod
546 3831 572 3893 si
603 3852 680 3913 quae
707 3831 769 3894 siut
796 3829 957 3907 obscurae,
990 3851 1055 3894 eam
1079 3850 1144 3892 rern
1166 3849 1229 3891 non

142 3937 351 4023 imputandam
377 3962 441 4004 esse
464 3942 594 4020 oratori,
620 3941 673 4004 sed
696 3952 749 4005 aut
772 3950 892 4006 nostrae
916 3941 1121 4027 ignorantiae,
1146 3938 1228 4024 quod

143 4049 241 4112 multa
269 4071 326 4113 nos
364 4049 479 4115 lateant
506 4074 583 4136 quae
611 4052 801 4117 auditoribus
824 4061 898 4116 nota
921 4059 1021 4116 essent
1044 4060 1074 4114 et
1098 4050 1163 4114 sine
1186 4050 1230 4114 in-

144 4159 301 4223 commodo
325 4169 448 4245 possent
470 4162 603 4239 reticeri,
629 4171 682 4226 aut
705 4161 983 4240 vicissitudinibus,
1009 4185 1085 4247 quas
1107 4169 1228 4225 nostrae

144 4270 294 4334 orationes
318 4281 457 4357 expertae
482 4274 552 4337 sint.

188 4380 235 4444 Ex
263 4382 405 4467 operibus
436 4392 571 4448 veterum
595 4385 710 4469 optima
733 4386 821 4450 nobis
844 4391 962 4449 servata
985 4407 1067 4461 esse,
1090 4391 1127 4447 ut
1150 4406 1228 4468 quae

146 4491 244 4555 minus
274 4492 506 4578 neglegerentur
537 4504 567 4560 et
590 4518 643 4580 per
666 4495 765 4560 multd
787 4504 1001 4581 spargerentur
1025 4494 1230 4578 exemplaria,

1113 4611 1130 4664 2
