3074 5210
632 485 692 546 121

116 687 202 764 τρίτον
233 684 349 757 παντός
379 683 544 762 iudicans,
576 683 789 768 Erasiphontis
822 688 853 746 et
882 681 1024 746 Eratonis
1055 677 1205 763 (iunioris)

115 796 189 859 bona
211 797 332 875 mittit,
357 795 532 860 Erasistrati
555 795 700 860 vindicat.

154 907 303 994 Denique
328 907 519 972 delectione
543 904 757 971 constituenda
781 905 929 990 quaedam
953 903 1043 968 addo.

153 1018 170 1102 b
193 1021 224 1082 3.
272 1017 352 1091 Ἕως
376 1020 468 1084 τοίνυν
491 1020 504 1084 ὁ
528 1018 655 1099 Ἐροίτων
682 1016 748 1100 ἔζη,
774 1017 840 1089 τούς
862 1041 896 1082 τε
919 1016 1017 1088 τόκους
1039 1014 1204 1090 οίπελσίρ-

111 1129 216 1204 βανσν
240 1131 313 1207 ἐγὼ
335 1131 394 1196 καί
418 1125 544 1196 τᾶλλα
565 1129 612 1194 τίς
635 1129 871 1206 συγκείμενοι.
907 1126 1108 1192 Marklandus
1125 1122 1205 1190 uarat

111 1237 149 1302 τίν
170 1241 378 1319 συγκείμενοι,
405 1264 495 1326 quem
520 1241 665 1306 refutavit
687 1240 843 1318 Dobreus,
867 1261 993 1304 monens
1012 1245 1132 1323 praeter
1146 1236 1206 1300 foe-

111 1373 166 1414 nus
183 1353 281 1417 etiam
304 1353 363 1418 alia
379 1353 505 1418 concedi
521 1355 658 1440 potuisse
667 1403 675 1432 ‚
689 1354 775 1419 velut
786 1353 877 1438 agelli
892 1353 1026 1417 fructum
1041 1350 1088 1415 vel
1104 1371 1203 1413 usum.

110 1462 165 1526 Καί
188 1464 328 1548 probum
351 1487 415 1530 esse
438 1465 631 1531 demonstrat
653 1464 686 1530 τέ
709 1472 779 1529 ante
802 1463 910 1536 τίαονς.
949 1461 1009 1526 Sed
1031 1462 1063 1525 in
1081 1482 1207 1543 sequen-

111 1572 192 1637 tibus
221 1575 294 1640 iure
316 1575 443 1660 pluralis
468 1582 515 1640 est
538 1578 624 1654 ἡμῖν,
656 1578 687 1642 οὐ
713 1575 826 1642 δυνατοί
851 1570 941 1652 darm
965 1572 1102 1657 loquitur
1125 1570 1205 1634 enim

113 1682 147 1746 de
178 1707 211 1748 se
245 1695 280 1751 et
303 1695 407 1772 patre,
433 1689 521 1752 cuius
544 1689 666 1775 proprie
689 1696 753 1752 erat
777 1689 929 1774 percipere
952 1687 1086 1762 fructum
1102 1684 1207 1766 itaque

113 1794 159 1858 hie
181 1804 298 1881 postea
320 1821 391 1863 cum
414 1799 595 1864 Erasistrato
620 1805 716 1864 certat
741 1799 854 1882 (λαχὼν
877 1801 890 1864 δ
913 1798 1010 1876 πατὴρ
1034 1796 1143 1866 παντὸς
1156 1799 1206 1857 τοῦ

113 1906 323 1994 συμβολαίου).
369 1909 451 1994 Ergo
482 1910 639 1997 probabile
662 1917 707 1974 est
731 1917 800 1996 post
823 1910 880 1988 ἐγώ
903 1908 998 1994 patris
1021 1906 1207 1970 mentionem

114 2016 225 2084 factam
258 2021 372 2085 fuisse:
400 2021 449 2086 καί
471 2024 607 2103 δπατήρ.
654 2021 776 2087 Excidit
804 2023 817 2087 ὃ
845 2027 884 2103 τ’τρ
906 2020 985 2085 inter
1008 2017 1122 2104 duplex
1145 2016 1205 2081 καί.

152 2132 169 2216 d
193 2135 225 2196 4.
274 2133 346 2200 Ὅτε
378 2137 431 2219 (τίς
456 2133 625 2221 Ἐροίτωνος)
649 2135 751 2202 ποίντα
773 2136 944 2218 δημεύεται,
970 2133 1058 2218 ρ’ρίδνσν
1083 2129 1206 2217 (εἰδέναι)

112 2239 143 2316 ἐξ
158 2246 258 2310 αὐτῶν
270 2252 327 2312 τῶν
338 2250 537 2329 ἀπογραφῶν·
557 2256 632 2328 τρεῖς
651 2249 711 2328 γαρ
729 2247 790 2314 καί
809 2247 987 2327 τέτταρες
1006 2241 1121 2309 ἕκαστα
1133 2243 1207 2306 σίτο-

111 2356 300 2438 teredona.
341 2357 519 2424 Notandum
543 2366 618 2445 puto
641 2361 693 2425 καί
715 2361 795 2425 inter
814 2359 982 2424 numeralia
997 2357 1133 2442 positum
1151 2375 1207 2439 pro

114 2462 145 2546 d,
169 2474 207 2530 ut
231 2469 316 2555 apud
340 2470 507 2536 Homerum
529 2473 561 2536 in
585 2479 659 2537 noto
682 2472 736 2536 illo
759 2473 856 2544 τσοίςδε
886 2470 967 2536 aaa
992 2467 1132 2550 Φίοννίίενν
1156 2462 1207 2528 ἕνα

115 2575 159 2638 καί
183 2578 252 2656 δύο,
270 2581 361 2666 'quod
384 2590 486 2648 tamen
510 2583 560 2647 hio
583 2583 685 2648 minus
710 2590 833 2668 aptum3
857 2583 901 2646 ita
924 2582 1004 2646 enim
1020 2581 1204 2663 loquuntur,

114 2685 165 2750 ubi
187 2711 339 2756 numerus
362 2715 423 2757 non
447 2701 587 2758 accurate
601 2695 699 2758 initur
715 2700 769 2758 aut
784 2717 839 2779 per
855 2699 1042 2757 contemtum
1059 2689 1204 2754 elevatur.

116 2794 271 2866 Neutrum
296 2803 327 2866 in
351 2803 491 2889 diligenti
514 2805 772 2870 demonstratione
795 2810 897 2888 potest
920 2802 1051 2867 admitti.
1095 2798 1206 2882 Neque

116 2914 312 2996 comparandi
344 2924 417 2978 sunt
447 2915 522 2994 loci,
555 2917 588 2980 in
620 2917 733 3001 quibus
758 2916 796 2980 de
819 2938 902 2979 more
927 2914 1061 2999 quodam
1084 2921 1114 2976 et
1137 2933 1207 2979 con-

119 3024 282 3088 suetudine
306 3026 423 3110 agitur,
449 3035 502 3091 aut
525 3026 562 3091 de
586 3051 621 3092 eo
646 3028 728 3114 quod
753 3028 812 3091 alio
837 3035 972 3112 tempore
988 3025 1076 3090 aliter
1092 3025 1206 3087 lactum

118 3141 178 3211 est,
202 3145 240 3201 ut
265 3137 352 3202 Deru.
377 3137 456 3202 Phil.
481 3140 507 3203 I.
533 3140 580 3226 (4)
605 3143 664 3206 47:
690 3148 745 3206 τῶν
767 3144 940 3220 στρατηγῶν
963 3135 1084 3208 ἕκαστος
1102 3134 1204 3208 dierat

118 3245 175 3322 τρίς
205 3250 331 3328 κρίνεται
363 3249 428 3334 (alii
459 3250 505 3315 bis
516 3300 526 3329 ,
560 3251 611 3314 alii
639 3252 729 3315 etiam
752 3253 818 3335 ter).
866 3249 944 3313 Xeu.
969 3247 1069 3312 Anab.
1092 3245 1149 3310 IV.
1177 3249 1205 3312 7.

121 3356 176 3420 10:
202 3361 374 3440 προέτρεχεν
398 3360 444 3426 δύο
467 3362 516 3430 καί
539 3364 605 3442 τρία
630 3363 774 3446 βήματα,
800 3361 881 3446 quod
899 3361 942 3424 sie
958 3359 1049 3424 debet
1065 3357 1204 3435 defendi,

120 3473 153 3529 ut
175 3469 261 3534 dicas
286 3471 506 3538 Callimachum
532 3473 624 3538 modo
648 3473 742 3550 duos,
771 3473 861 3536 modo
885 3481 946 3537 tres
970 3493 1076 3556 passus
1101 3490 1207 3555 procu-

121 3583 259 3646 currisse.
306 3582 393 3663 Quae
424 3605 485 3648 non
517 3584 693 3648 advocarem
722 3585 783 3648 nisi
813 3583 942 3650 Wexius
974 3583 1012 3647 ad
1035 3581 1106 3646 Tac.
1131 3584 1205 3664 Agr.

120 3709 146 3770 p.
175 3695 217 3757 30
251 3716 286 3758 ea
316 3715 385 3757 oum
417 3701 521 3758 nostro
545 3695 612 3760 loeo
636 3703 842 3781 compararet;
869 3696 957 3758 cuius
981 3693 1206 3778 explicatioris

122 3802 172 3874 μὲν
202 3812 291 3886 τρεῖς,
320 3805 360 3870 τοὶ
383 3805 411 3869 δὲ
440 3806 577 3886 τέτταρες
605 3807 841 3889 ἀπογεγράφασι
864 3807 932 3870 loco
955 3829 1017 3870 non
1042 3804 1205 3882 satisfacit3

122 3931 190 3978 nam
215 3917 241 3981 si
264 3909 402 4002 singulae
424 3917 605 3999 ἀπογραφαί
627 3926 745 4003 partem
769 3917 918 3982 bonorum
943 3917 1115 4002 complexae
1134 3916 1208 3979 fuis-

123 4032 204 4104 sent,
237 4049 324 4110 aegre
354 4029 506 4112 potuisset
536 4029 748 4093 universorum
779 4051 921 4093 recensus
953 4051 989 4093 cx
1018 4029 1057 4092 iis
1089 4029 1205 4092 confici.

123 4127 181 4196 ted
204 4138 276 4201 satis
299 4137 336 4201 de
359 4138 426 4202 hoc.
473 4137 554 4202 Mihi
577 4139 698 4203 videtur
722 4141 737 4216 ἤ
765 4139 884 4204 dedisse
908 4139 1030 4225 Lysias,
1053 4139 1113 4202 nisi
1129 4140 1207 4202 forte

124 4248 241 4324 gravius
276 4249 365 4314 ulcus
400 4249 483 4313 latet.
531 4249 691 4315 Scheibius
730 4251 762 4314 iu
794 4274 894 4336 progr.
928 4251 1039 4337 Gymn.
1071 4249 1207 4314 Carolini

127 4351 331 4444 (Neustrelitz)
360 4363 442 4424 1852
467 4384 497 4445 p.
524 4364 563 4424 15
588 4341 639 4425 καί
662 4361 806 4425 defendit.

169 4466 276 4534 Statim
306 4471 444 4554 sequitur
474 4471 559 4534 locus
591 4495 608 4536 a
638 4472 744 4536 multis
772 4479 924 4536 tentatus:
948 4473 1040 4538 καίτοι
1064 4471 1150 4538 τοῦτό
1170 4496 1207 4549 γε
