3074 5210
636 503 677 565 91

152 707 243 788 pssl.
294 705 470 782 Ἑβούλουτο
499 703 603 785 τοίνυν,
635 699 655 766 d
686 701 782 783 ἄνδρες
815 700 967 772 timeat,
999 697 1041 760 ἔτι
1064 692 1199 758 τλειύιυι

112 814 214 888 οιύτὸς
245 815 289 881 τοὶ
323 816 453 893 ύυύροοιτοι
483 813 676 897 damtune·
707 811 778 879 οὕτω
808 810 921 894 σφύδροι
945 810 1041 889 ἔρρωτο
1066 810 1082 884 ἡ
1105 805 1197 885 βουλὴ

69 1011 73 1018 Ι
111 926 192 991 uasta
215 951 246 990 τι
271 925 463 1008 ε’ργύζεσύοοι·
487 925 597 998 οιύτὸς
620 928 670 990 ούιι
693 925 780 990 ἐδόκει
804 926 900 994 οιύτοῒς
920 920 1043 986 σ’ύτοιυτοι
1062 916 1200 991 τύληύῆ

109 1061 149 1100 τοο
180 1038 434 1118 κατηγορηκέναι.
466 1037 581 1108 τούτους
611 1038 665 1114 μὲν
687 1031 734 1101 odo
757 1031 895 1106 ύτοιιτοις
918 1032 986 1098 ἑκὼν
1009 1027 1197 1112 οὶτογροὶφει,

108 1147 239 1219 attentos
272 1150 355 1229 οιύτῷ
386 1147 520 1226 dadano
542 1146 642 1222 ούσος.
667 1146 854 1224 μετὰ-τοῦτο
878 1137 1115 1224 τροςυσογρύφει
1138 1137 1199 1204 ἑτέ-

108 1281 164 1336 ρους
187 1263 246 1324 τῶν
271 1265 408 1324 πολιτῶν.
450 1257 510 1322 Pro
534 1257 622 1330 οιύτδς
645 1258 695 1323 ούκ
717 1255 757 1323 ἑδ.
792 1252 950 1320 Soheibius
974 1273 1042 1316 oum
1067 1249 1201 1336 Sauppio

109 1367 188 1434 dedit
203 1371 256 1435 καὶ
281 1370 371 1442 οούτύς
383 1393 406 1434 ο.
419 1373 461 1446 i..
479 1391 533 1455 pro
545 1372 632 1442 οούτὸς
649 1370 689 1434 roi
705 1369 836 1446 ύιύμοοτοι
849 1389 919 1431 ουτοι
931 1365 999 1430 aliis
1011 1364 1099 1429 οιύτδι
1109 1361 1150 1428 roi
1162 1363 1200 1427 οἰ.

109 1479 175 1545 Non
194 1489 329 1566 possent
349 1481 423 1546 haec
444 1481 560 1554 τούτους
583 1481 637 1558 μὲν
659 1477 706 1546 οὖν
729 1517 774 1529 -
796 1479 881 1552 ούσιρς
904 1475 1014 1564 Lysiae
1036 1472 1199 1555 vindicari,

108 1591 163 1654 nisi
193 1592 281 1656 faota
310 1593 546 1678 transpositione
570 1592 628 1656 hoo
650 1591 757 1656 modo:
781 1591 899 1662 τούτους
923 1589 976 1667 μὲν
997 1582 1043 1653 oda
1065 1582 1201 1656 ἰύτοιιτοις

110 1702 172 1766 ἑκὼν
194 1706 393 1788 οὶτογρούφει,
416 1705 550 1781 οὐδεμιᾶς
573 1705 653 1785 οιύτῷ
672 1703 805 1780 dodanus
825 1701 917 1776 σύσυς.
953 1699 1126 1778 Ἐβούιιοιτο
1143 1696 1199 1760 τού·
1287 1781 1289 1788 Ι

110 1835 169 1889 vor,
200 1811 222 1878 ὦ
253 1815 354 1897 ἄνδρες
386 1816 539 1898 δικοιστοιύ,
569 1817 611 1880 ἔτι
642 1814 777 1880 πλειόνων
800 1813 887 1879 οιύτδυ
909 1813 952 1877 τοὶ
973 1810 1104 1888 dadum
1126 1809 1200 1872 rino·

111 1923 244 2003 ιρούψοιι·
279 1925 351 1993 σύτο
375 1928 476 2011 σφοδρ’
498 1926 594 2009 ἔῤῥιοτο
618 1931 635 2003 ἡ
658 1926 751 2004 βουλὴ
775 1925 862 1991 κοιιούυ
885 1949 912 1988 τι
936 1922 1126 2003 ἕργούζεσύοιι,
1151 1919 1200 1984 aa>

111 2036 153 2097 οὐκ
184 2036 281 2104 ἐδόκει
313 2043 412 2108 οιύτοῖο,
442 2041 555 2115 τοὶλυύῆ
579 2063 623 2102 τυ
647 2038 882 2117 κατηγορηκέναι.
928 2037 1020 2103 Marde
1041 2036 1120 2099 τοῦτ’
1143 2029 1201 2098 οὖν

111 2149 354 2232 προςοιοτογρούφει
386 2149 493 2230 ἑτέρους
527 2157 582 2214 τῶν
611 2155 747 2217 τολιτῶυ.
794 2147 916 2230 Quibus
940 2144 1081 2211 addenda
1103 2145 1203 2209 forent

112 2254 137 2317 in
166 2258 229 2324 fine
265 2261 357 2326 verba
386 2262 438 2326 κού
460 2287 507 2340 μοι
531 2261 605 2339 λέγε
627 2263 668 2326 τοὶ
692 2264 833 2339 dodanta.
880 2259 1039 2324 Praeterea
1062 2263 1202 2341 suspecta

113 2365 163 2431 iata
195 2373 250 2436 οισιδ
286 2375 336 2438 odo
365 2409 410 2422 -
439 2374 678 2455 κατηγορηκέναι.
726 2372 807 2438 Nam
837 2381 873 2437 ut
904 2373 1043 2436 omittam
1073 2391 1201 2445 κοιτιργο-

111 2479 218 2554 novus
253 2504 308 2568 pro
340 2485 535 2564 κοιτειριρκέυοιι
566 2485 700 2570 positum
731 2485 781 2567 (of.
810 2487 827 2569 p
852 2487 891 2547 50
916 2491 948 2548 et
972 2485 1044 2568 56),
1069 2481 1126 2544 viri
1149 2479 1201 2542 isti

112 2609 169 2654 non
188 2593 411 2682 exspectabant
432 2617 464 2658 se
482 2617 551 2659 vera
562 2595 600 2660 ab
613 2597 749 2680 Agorato
762 2595 932 2661 audituros.
958 2595 1004 2658 De
1024 2594 1091 2658 istis
1104 2591 1202 2656 verbis

112 2707 254 2770 convenit
278 2707 353 2771 mihi
372 2729 443 2770 oum
461 2707 681 2786 Herwerdeno,
701 2709 754 2794 qui
772 2715 927 2794 praeterea
942 2729 1012 2772 oum
1034 2705 1102 2770 aliis
1121 2705 1202 2782 μετδι

113 2815 187 2878 τοῖσι)
211 2855 260 2867 --
283 2825 407 2884 πολιτῶν
430 2819 552 2883 omittit.
600 2819 716 2884 Inutile
739 2827 785 2885 est
807 2819 844 2884 de
867 2820 915 2884 his
939 2840 1091 2904 pugnare,
1117 2815 1201 2902 quod

113 2919 195 2989 loeus
227 2929 272 2993 ita
299 2930 502 3016 interpolatus
533 2939 637 2996 estut
661 2939 744 2996 certa
768 2930 949 2996 emendandi
972 2931 1023 2994 via'
1043 2929 1202 3015 praeclusa

113 3034 159 3099 sit.
195 3039 267 3104 Hoo
291 3048 411 3104 tantum
435 3040 525 3106 velim
549 3041 674 3107 attendi.
714 3041 757 3107 1⁰.
782 3041 814 3105 Si
840 3044 991 3126 Agoratus
1015 3063 1078 3104 non
1098 3040 1201 3125 plures

114 3167 203 3230 quain
233 3153 323 3217 initio
347 3152 475 3230 detulit,
500 3152 608 3218 inutile
631 3160 678 3217 est
702 3152 785 3238 quod
809 3152 887 3217 dioit
909 3158 1012 3216 orator
1034 3151 1072 3216 de
1095 3150 1201 3216 hostili

113 3270 235 3328 senatus
254 3265 372 3343 anim03
391 3265 439 3329 sin
457 3263 569 3329 detulit
585 3287 647 3330 non
666 3272 729 3330 erat
746 3265 857 3330 oratori
870 3263 1042 3329 taoondnm.
1068 3262 1112 3328 2⁰.
1125 3264 1200 3329 Τού-

114 3391 174 3444 Τθυς
206 3377 260 3453 μὲν
287 3373 332 3442 υύυ
359 3375 497 3450 ύτοοντοις
528 3377 631 3441 statim
660 3385 731 3462 post
761 3370 1128 3461 enumerationem'sequi
1151 3377 1201 3442 de·

115 3475 182 3548 bere
208 3485 336 3551 videtur.

155 3596 237 3678 §35
266 3598 358 3662 verba
389 3598 538 3682 quaedam
569 3606 639 3663 sunt
663 3599 827 3665 admodum
851 3601 926 3665 mihi
949 3609 1099 3686 suspecta.
1145 3601 1201 3666 Le·

115 3702 215 3784 gitur:
247 3709 343 3784 ἐπειδὴ
372 3709 462 3774 τοιίυυ
494 3711 519 3774 οἱ
549 3711 704 3791 τριύκοιτσι
726 3714 966 3795 κοιτεστούύυσοιυ,
991 3714 1090 3785 εύύέοος
1113 3715 1200 3794 κρύσιυ

115 3822 171 3888 τοῖς
200 3819 316 3901 οὶιδρούσι
346 3820 455 3892 τούτοις
485 3822 594 3886 {notas
625 3824 657 3887 ἕυ
688 3834 730 3904 τῇ
755 3813 890 3905 βουλῇ,
920 3827 934 3888 o‘
965 3825 1000 3888 δὲ
1028 3825 1138 3904 δῆμος
1167 3829 1201 3890 ἐν

115 3930 158 4006 τῷ
189 3930 404 4012 δικαστηρίῳ
431 3933 465 3996 ἐν
496 3933 686 4013 διςχιλύοις
714 3935 934 4016 ἐψηφίσατο.
981 3937 1040 4001 Kal
1061 3960 1109 4014 μοι
1131 3936 1201 4002 airoi-

115 4044 197 4111 ovat
219 4042 253 4106 τὸ
275 4046 430 4123 φύφισροοο.
475 4054 669 4110 ΨΗΦΙΟΜΛ.
714 4048 749 4111 Εἰ
773 4046 826 4124 μὲν
849 4044 895 4112 οὖν
917 4048 946 4112 ἐυ
969 4050 1009 4129 τῷ
1032 4049 1200 4128 δικαστηρίῳ

116 4147 245 4228 ἔκρύυουτο
268 4177 295 4221 κ.
319 4179 346 4218 τ.
370 4155 392 4218 ἓ.
440 4154 528 4219 Nihil
557 4179 592 4220 ex
621 4156 688 4221 aliis
713 4157 913 4243 scriptoribus
936 4159 1072 4223 innotuit
1094 4159 1132 4224 de
1155 4161 1201 4224 iu·

116 4257 192 4328 dicio
214 4264 260 4328 bis
284 4265 367 4328 mille
389 4266 511 4330 civium.
558 4265 635 4331 Tum
659 4289 737 4352 quae
760 4276 860 4353 portes
883 4269 930 4333 illi
953 4271 1066 4335 iudicio
1092 4272 1201 4337 adscri-

48 4357 51 4362 ’
117 4369 226 4439 bantur
248 4398 310 4440 non
333 4377 528 4463 perspicuum
553 4387 608 4444 est.
644 4378 677 4444 Si
700 4381 954 4466 simplicissimam
978 4383 1201 4468 interpretatio

119 4505 186 4550 nom
215 4509 358 4573 sequare,
391 4499 426 4553 ut
457 4490 590 4576 populus
621 4491 731 4558 iudiois
754 4513 912 4580 personam
936 4515 1043 4580 gerens
1066 4495 1104 4560 do
1128 4497 1199 4561 viris
