3128 5208
844 485 887 548 34

319 685 373 752 ubi
405 707 439 749 ex
472 686 612 770 apposito
640 684 773 766 Φεύγετε
797 685 888 749 etiam
912 685 985 748 sine.
1000 685 1134 769 genitivo
1159 686 1309 751 sententia
1332 685 1414 750 satis

320 805 366 860 est
389 798 558 882 perspicua.
605 795 691 876 Quid
715 797 740 860 si
763 797 881 860 litterae
901 796 1019 880 aliquot
1034 797 1227 875 exciderunt,
1244 805 1280 860 ut
1294 797 1412 860 lentum

320 909 393 972 olim
421 909 514 992 fuerit
544 908 647 973 ἀποέεν
683 907 779 979 urata?
821 907 1014 972 Exoidissent
1045 909 1088 972 sio
1111 907 1204 986 ἀποθ;
1229 907 1414 994 quomodo

321 1021 476 1104 corruptio
507 1019 627 1084 facilius
650 1019 856 1104 intellegitur,
888 1021 1029 1103 quamsi
1053 1027 1170 1084 statuas
1192 1020 1326 1091 ἀποοτάς
1351 1029 1413 1083 aut

320 1133 446 1211 ἀποδράς
470 1132 543 1195 olim
566 1131 679 1194 lectum
703 1131 807 1194 fuisse.
842 1129 923 1194 Nam
947 1132 978 1194 in
1003 1131 1156 1212 Palatino,
1181 1133 1233 1196 oui
1250 1132 1329 1196 libro
1345 1131 1412 1195 soli

320 1243 429 1328 Lysiae
460 1244 612 1306 orationes
644 1242 805 1319 debemus,
837 1242 1015 1306 omissiones
1045 1250 1118 1306 sunt
1150 1243 1315 1308 admodum
1348 1243 1414 1306 ne-

320 1349 458 1441 qu'entes.
980 1415 982 1419 ,

364 1467 511 1532 Nondum
539 1489 576 1530 ex
600 1465 724 1550 proeliis
747 1465 912 1530 evadimus.
961 1463 1042 1529 Nam
1064 1465 1170 1529 induci
1195 1488 1256 1529 non
1280 1487 1411 1551 possum

320 1571 500 1664 ut'Lysiam
523 1579 555 1642 in
579 1577 636 1640 hae
660 1577 812 1654 oratione,
837 1577 869 1640 in
892 1595 954 1660 qua
977 1576 1120 1661 pleraque
1144 1584 1217 1640 sunt
1232 1583 1330 1653 tersa,
1348 1576 1414 1640 ele-

319 1691 439 1775 gantia,
468 1690 544 1754 bone
567 1688 728 1764 meditata,
753 1687 857 1750 minus*
878 1686 1033 1752 evidenter
1055 1689 1071 1772 d
1097 1689 1136 1751 18
1161 1709 1297 1772 pugnam
1320 1709 1412 1750 enar-

320 1802 432 1866 ravisse
456 1808 579 1886 putem,
604 1801 636 1863 in
660 1822 721 1883 qua
741 1821 863 1868 ,summa
885 1799 930 1862 rei
954 1805 1099 1862 versetur.
1138 1797 1301 1883 Leguntur
1316 1798 1408 1862 haec:

319 1911 425 1994 μάχνς
455 1913 484 1978 δὲ
514 1912 685 1992 γενομένης,
717 1907 737 1974 ὦ
766 1910 877 1993 βουλή,
909 1910 958 1975 κον)
989 1917 1039 1976 τοῦ
1073 1910 1218 1990 perpasto
1241 1909 1410 1988 βάλλοντος

319 2026 424 2096 αὐτοὺς
459 2025 516 2089 κοοὶ
548 2022 624 2103 περὶ
656 2021 716 2088 τοῦ
746 2023 912 2099 σώματος
943 2023 1163 2100 ἀμυνομένου
1189 2021 1410 2086 καὶτούτων

319 2138 416 2213 ἡμᾶς
438 2137 666 2216 βολλοντων,
691 2135 743 2199 ἔτν
767 2133 801 2197 δὲ
822 2132 1030 2198 τυπτόντων
1053 2132 1163 2197 αὐτὸν
1183 2131 1247 2196 ὑπὸ
1268 2141 1330 2206 τῆς
1349 2131 1410 2209 με’-

318 2248 379 2320 θνς
401 2247 461 2311 nal
485 2239 572 2324 ἐμοῐέ
593 2244 817 2323 ἀμυνομένου
841 2243 890 2308 axi
912 2251 968 2308 τῶν
991 2243 1232 2324 παραγενομένων
1247 2242 1409 2314 ὡςάδνκου-

318 2357 411 2433 μένοις
435 2361 503 2435 ἡμῖν
526 2355 665 2420 ἀπάντων
688 2355 921 2435 ἐπικουρούντων,
946 2355 975 2419 ἕν
998 2355 1089 2434 τούτῳ
1113 2356 1153 2436 τῷ
1172 2353 1279 2434 θορύβῳ
1299 2377 1408 2434 συντον-

318 2468 433 2547 βόμεθον
463 2467 519 2538 τοὶς
542 2469 680 2551 κεφοολάς
704 2465 845 2538 ἀτοντες.
892 2463 951 2528 Res
975 2465 1077 2549 agitur
1099 2465 1132 2528 in
1156 2464 1296 2549 publioo;
1320 2463 1405 2528 Simo

319 2603 389 2644 oum
418 2579 508 2642 sooiis
537 2579 566 2642 vi
593 2577 786 2641 Theodotum
812 2577 965 2660 capientes
989 2576 1108 2639 obviam
1132 2576 1211 2640 dunt
1234 2575 1401 2651 defensori,

318 2692 373 2776 qui
403 2690 481 2754 hano
512 2689 655 2753 iniuriam
677 2711 741 2752 non
764 2688 862 2751 ferens
885 2685 1046 2770 prehendit
1070 2685 1311 2764 adolescentem
1335 2694 1402 2749 tum

317 2803 380 2880 illi,
412 2787 470 2866 hoo
502 2800 538 2864 de
569 2798 710 2864 manibus
741 2799 852 2875 misso,
878 2797 1038 2862 verberant
1061 2797 1305 2882 aggredientem:
1329 2798 1405 2879 ἀφέ-

317 2939 394 2990 μενον
425 2914 453 2978 δὲ
483 2918 534 2977 τοῦ
565 2911 710 2976 νεωνίοκου
741 2909 863 2974 ἔτυπτον
886 2909 948 2985 ἐμέ.
996 2907 1074 2972 Cum
1097 2909 1155 2972 hoo
1179 2915 1298 2993 pugnat
1320 2907 1403 2992 quod

316 3026 382 3089 loco
407 3026 443 3089 de
468 3046 528 3108 quo
553 3023 671 3107 agimus
695 3021 826 3105 legitur,
850 3019 904 3084 ubi
927 3019 1123 3098 Theodotus,
1148 3043 1237 3104 quem
1258 3021 1405 3084 miserant

317 3137 399 3200 Simo
422 3137 550 3218 eiusque
574 3121 707 3211 sodales‘,
733 3133 846 3197 dioitur
869 3151 908 3195 se·
923 3131 1098 3208 defendere,
1119 3131 1207 3215 quasi
1222 3132 1355 3217 impetus
1371 3130 1404 3194 in

317 3247 406 3311 illum
429 3248 499 3310 fiat:
523 3246 573 3311 aa)
598 3245 660 3326 aspi
689 3250 738 3309 τοῦ
754 3244 889 3320 σώματος
905 3241 1094 3320 ἀμυνομένου.
1130 3240 1218 3320 Quae
1233 3249 1405 3332 sequuntur

317 3359 365 3421 κον)
397 3358 504 3422 τούτων
534 3360 615 3434 ἡμᾶς
648 3353 820 3432 βαλλόντων
843 3352 921 3416 nihil
945 3352 1016 3415 novi
1040 3351 1199 3415 continent
1220 3360 1290 3436 'post
1314 3348 1413 3416 verba'

317 3467 371 3530 illa
398 3466 520 3533 ἔτυπτον
543 3467 611 3544 ἐμέ,
636 3465 697 3530 nisi
721 3473 810 3550 putes
835 3464 942 3542 βολεῖν
966 3461 1002 3526 de
1027 3461 1153 3526 vulnere
1177 3463 1296 3527 eminus
1319 3461 1404 3526 illato

319 3602 384 3643 esse
406 3579 665 3663 intellegendum,
692 3598 753 3661 quo
777 3597 824 3640 res
848 3574 933 3638 fieret
950 3574 1041 3638 etiam
1057 3573 1231 3652 obscurior,
1248 3597 1319 3638 nam
1335 3595 1405 3637 reus

319 3711 427 3753 manus
452 3689 614 3753 conseruit.
662 3685 806 3750 Narratio
830 3685 874 3748 sio
896 3691 977 3748 reete
1001 3683 1192 3769 procederet:
1216 3684 1357 3765 ἀφέμενον
1377 3685 1406 3748 δὲ

319 3806 369 3865 τοῦ
392 3801 536 3865 νεοινέσκου
559 3799 682 3865 ἔτυπτον
705 3797 766 3874 ἐμέ.
802 3794 918 3875 Manae
942 3795 971 3858 a
993 3795 1165 3874 γενομένης,
1184 3789 1205 3858 ὦ
1225 3794 1336 3872 βουλή,
1354 3793 1406 3859 κον)

319 3916 370 3976 τοῦ
393 3909 539 3989 aequabo
561 3908 723 3988 βάλλοντος
747 3900 853 3977 ωὖτοὺς
879 3905 917 3988 (is
940 3905 1050 3970 missus
1074 3904 1112 3969 ab
1128 3904 1307 3970 adversariis
1322 3927 1406 3969 nune

320 4023 446 4086 eminus
470 4044 521 4086 eos
552 4021 707 4099 vulnerat,
732 4018 770 4087 of.
795 4021 811 4103 p
834 4010 906 4102 28),
931 4018 979 4083 aab
1003 4021 1087 4095 ἐμοῦ
1111 4016 1173 4097 περὶ
1196 4022 1247 4082 τοῦ
1270 4015 1406 4092 σώματος

319 4133 498 4211 ἀμυνομένου
529 4131 684 4217 (nimirum
715 4131 780 4216 ipse
812 4135 949 4214 arreptus
977 4115 1071 4210 erat),
1094 4126 1144 4192 κοά
1167 4132 1223 4192 τῶν
1246 4124 1408 4206 aaronem·

320 4245 411 4320 μένων
441 4269 468 4308 κ.
497 4268 525 4309 τ.
550 4244 574 4309 ἕ.
631 4241 762 4325 Reliqua
792 4246 845 4302 aut
875 4238 954 4302 nihil
984 4236 1144 4323 prodesse,
1176 4244 1230 4301 aut
1259 4233 1407 4320 impedire

319 4374 441 4436 rursum
464 4353 648 4418 narrationis
672 4349 833 4414 contendo.
881 4347 1029 4427 Quaesita
1056 4347 1196 4411 consulto
1220 4345 1406 4410 obscuritate

319 4464 423 4528 fuoum
447 4463 638 4528 auditoribus
662 4463 760 4525 faeere
786 4459 919 4554 vpluisse
942 4466 1093 4522 oratorem
1115 4477 1178 4521 non
1202 4457 1310 4536 oredo,
1326 4455 1407 4519 illud
