3126 5210
785 413 849 474 216

272 633 361 695 qnam
379 609 537 686 λεγόντων,
555 608 652 672 veluti
667 607 878 689 λοιδορούντων,
895 607 1132 686 διαβαλλόντων,
1152 609 1375 688 ονκοφιιντοθν-

272 745 345 795 των,
371 720 640 784 autoraverunt
664 723 787 783 τοιοῦτοι
812 719 967 795 λεγόντων.
1015 720 1074 784 Sed
1099 726 1278 805 corruptum
1302 741 1376 782 esse

272 831 391 908 locum,
416 852 472 893 nec
495 831 600 914 inepto
623 829 738 892 rhetori
763 828 837 892 lracc
860 828 980 907 deberi,
1012 838 1074 894 tam
1098 830 1189 894 lectio
1213 829 1373 905 Palatini,

274 964 366 1025 quam
389 940 541 1003 sententia
563 939 643 1002 bona
666 944 696 1001 et
719 945 790 1022 apta
814 938 851 1001 iis
874 940 1079 1023 temporibus,
1108 941 1221 1024 quibus
1244 939 1374 1002 nullum

272 1052 385 1115 crimen
410 1050 507 1132 magis
531 1056 643 1112 temere
666 1047 838 1111 iactabatur
853 1069 944 1133 quam
960 1050 1136 1114 communio
1152 1049 1273 1134 imperii
1289 1067 1373 1110 cccc

272 1169 303 1225 ct
326 1181 391 1224 xxx
414 1161 565 1235 virorum,
591 1157 730 1242 probant.
767 1156 805 1220 In
829 1159 976 1241 proximis
999 1160 1123 1224 mallem
1139 1161 1244 1225 abesse
1258 1161 1282 1224 ol
1295 1168 1372 1223 ante

272 1269 456 1348 διοβοθλλειν.
503 1268 568 1352 Ipsi
592 1267 639 1331 illi
663 1266 844 1330 calumniari
869 1268 1044 1333 studebant.

315 1382 385 1464 pa.
431 1378 517 1442 δεινὸν
547 1377 577 1442 δέ
607 1400 655 1454 μοι
686 1377 763 1442 δοκεῖ
788 1373 860 1442 alnon
893 1403 921 1444 κ.
949 1404 978 1443 τ.
1002 1379 1025 1444 ἑ.
1062 1379 1297 1463 Argumentatio
1321 1387 1373 1443 est

272 1488 509 1568 „coniecturalis
518 1487 548 1566 ,”
579 1510 678 1571 neque
709 1495 810 1552 tamen
842 1496 1003 1574 propterea
1031 1471 1124 1575 Lysia
1147 1489 1284 1574 indigna.
1318 1489 1368 1552 Cf.

274 1604 326 1664 24.
352 1603 381 1663 9.

316 1713 386 1794 pt).
434 1708 475 1773 ἔτι
508 1709 534 1772 θ’
557 1705 638 1786 οἷμιιι
669 1708 838 1787 θιινμιιοτθν
867 1709 979 1790 νομίζω.
1027 1709 1218 1774 Postremum
1238 1711 1371 1774 vocabu-

272 1821 338 1884 lum
361 1819 535 1884 delendum.
583 1821 643 1890 Ὡς
666 1818 793 1884 οἰθικοῖισι
817 1826 897 1882 recte
921 1818 1116 1884 emendatum
1139 1820 1321 1903 aKaysero.
1353 1850 1363 1862 ·

317 1931 334 2012 p
361 1932 411 1991 10.
457 1929 510 2001 τὴν
539 1927 648 2004 βουλὴν
678 1926 824 2007 ἐλοιδόρει,
848 1927 973 2008 φάσκων
995 1928 1179 1994 οννεστιθνοιι.
1226 1928 1275 1993 Nc
1298 1931 1370 2012 quis

274 2037 426 2102 desideret
448 2037 694 2102 additamentum
717 2037 845 2120 aliquod
867 2038 965 2103 veluti
986 2039 1035 2104 ἐν)
1058 2038 1159 2119 θλθθριρ
1182 2040 1370 2114 adsudascis

272 2160 326 2213 aut
353 2149 439 2226 sim,
475 2149 513 2212 cl.
545 2148 634 2212 Deru.
664 2148 695 2210 in
720 2148 847 2232 Aristog
869 2147 886 2211 I
909 2151 977 2234 (25)
1001 2152 1060 2213 64:
1085 2152 1143 2226 ἐγὼ
1165 2153 1249 2228 μθνος
1271 2149 1371 2222 εὔνοος

273 2261 357 2337 ὑμῖν·
379 2259 489 2330 τοθντες
508 2255 584 2323 οὗτοι
603 2261 760 2323 συνεστᾶσι
766 2307 776 2336 ,
796 2257 969 2338 προδέδοσθε.
1006 2260 1100 2324 Arist.
1118 2259 1198 2344 Equ.
1217 2262 1299 2322 862:
1316 2262 1372 2324 κοοθ

271 2370 305 2446 ρι’
320 2370 351 2432 οὐ
367 2367 485 2441 λέληθεν
501 2367 577 2431 οὐδὲν
593 2367 621 2430 ἐν
636 2377 674 2447 τῇ
691 2366 775 2430 τθλει
790 2365 998 2445 ξυνιστάμενον
1015 2369 1136 2451 (,‚nulla
1153 2370 1370 2454 coniuratio’').

315 2479 333 2561 p
358 2479 408 2540 13.
455 2475 527 2547 sicle
549 2476 655 2557 τοίνυν,
679 2472 699 2540 ὦ
723 2476 820 2556 ἄνδρες
844 2476 998 2555 δικοιττιιθ,
1022 2479 1201 2556 ἐνθνμεῖοθοιι
1224 2478 1275 2544 cal
1298 2481 1370 2544 ὂτθ·

271 2610 314 2651 σοι
346 2587 424 2663 ὑμῶν
454 2585 588 2666 ἐνόμιζον.
635 2585 683 2649 De
714 2585 906 2670 Cleophonte
935 2587 973 2650 cf.
1007 2589 1057 2652 13.
1084 2590 1121 2666 8,
1147 2593 1184 2667 9,
1212 2592 1262 2652 12.
1309 2591 1372 2655 Kal

272 2696 376 2760 abesse
400 2693 491 2757 debet
498 2719 508 2770 ;
532 2693 572 2758 ad
595 2716 647 2758 eos
670 2701 792 2759 tantum
816 2695 984 2760 admonitio
1009 2697 1159 2781 pertinet,
1181 2698 1235 2781 qui
1251 2698 1369 2764 malum

272 2806 369 2868 civem
392 2802 615 2888 Cleophontcm
641 2803 809 2888 putabant,
834 2826 896 2867 non
920 2804 957 2868 ad
983 2804 1127 2890 reliquos.
1171 2808 1370 2874 Demonstra-

272 2916 370 2978 tivum
389 2913 541 2977 omissum
566 2919 601 2976 ut
625 2915 677 2976 22.
703 2914 762 2990 21,
788 2915 840 2976 23.
866 2915 896 2977 4.

317 3025 334 3106 p
360 3024 409 3086 15.
457 3023 516 3086 Κιιθ
538 3029 609 3086 ante
632 3031 685 3096 τῆς
708 3023 820 3094 advolas
843 3022 1019 3088 delendum.

316 3135 333 3216 p
358 3134 409 3195 16.
455 3130 587 3195 Defendi
619 3137 722 3215 potest
752 3131 794 3197 ἔτι
818 3131 848 3196 δὲ
870 3133 922 3196 nal
945 3133 976 3196 in
1000 3134 1060 3199 fine
1084 3134 1178 3200 huius
1201 3138 1367 3217 sectionis3

183 3285 187 3294 ·
271 3265 342 3306 nam
373 3242 405 3305 in
434 3242 570 3326 proxime
593 3241 776 3324 praegressis
805 3240 843 3304 de
867 3240 927 3305 alia
950 3264 982 3305 re
1006 3265 1106 3309 sermo
1130 3253 1193 3324 est,
1218 3269 1312 3330 quam
1335 3249 1371 3312 in

272 3351 329 3415 bis.
377 3351 436 3414 Per
466 3350 557 3414 verba
586 3347 622 3414 ὧν
651 3353 704 3429 μὲν
735 3349 813 3415 daca
845 3352 935 3417 ἔνιοιθε
958 3354 1120 3438 respicitur
1144 3356 1181 3419 ad
1205 3357 1370 3437 exsilium,

272 3460 356 3544 quod
380 3483 440 3524 non
466 3467 574 3544 sponte
598 3482 654 3524 sua
677 3467 871 3545 susceperat,
896 3462 933 3526 de
958 3485 1019 3546 qno
1038 3465 1071 3528 in
1086 3466 1231 3549 proximis
1247 3467 1370 3532 dictum

273 3593 334 3633 non
367 3576 441 3633 erat.
488 3569 580 3634 Recte
612 3570 708 3653 igitur
739 3593 770 3634 sc
803 3571 894 3636 habet
923 3571 966 3637 ἔτι
995 3572 1024 3637 δὲ
1047 3575 1115 3650 nat,
1140 3581 1168 3642 el
1188 3584 1368 3660 praetcrea,

273 3702 328 3744 nec
352 3703 429 3764 opus
452 3686 490 3744 ut
512 3680 664 3744 scribatur
687 3682 800 3757 κοιίτοι,
825 3682 909 3764 quod
933 3682 1080 3748 sollemne
1100 3685 1193 3748 estin
1211 3686 1370 3770 cnthyme-

272 3797 354 3851 mate
377 3812 413 3852 ex
438 3790 583 3873 proximis
607 3790 710 3854 ducto.
754 3789 844 3855 Ratio
868 3793 1104 3876 argumentandi
1126 3802 1245 3859 oratore
1260 3798 1368 3862 Attico

272 3897 366 3982 digna
390 3906 446 3961 est.
494 3897 541 3962 Of.
567 3901 620 3962 31.
646 3902 688 3963 24
712 3900 771 3963 sub
795 3900 816 3963 f.

316 4010 333 4091 p
357 4009 396 4072 17
401 4056 408 4070 .
456 4007 528 4071 Non
551 4010 712 4093 perspicua
734 4017 809 4074 sunt
830 4010 923 4074 verba
945 4013 970 4076 sl
993 4011 1093 4088 νόμους
1117 4013 1209 4088 ἐτίθην
1227 4016 1290 4095 περὶ
1309 4025 1366 4089 τῆς

271 4119 460 4199 οὶνοογροιφῆς.
509 4118 577 4181 Ηοο
599 4120 682 4196 vult,
708 4120 833 4204 opinor:
858 4121 971 4186 inimic
993 4123 1070 4187 mibi
1092 4125 1198 4190 obiicit
1220 4124 1365 4189 Nicoma-

271 4225 364 4301 chus,
398 4227 481 4310 quod
513 4229 631 4292 cultum
659 4229 784 4293 deorum
810 4231 973 4310 imminuo;
998 4234 1085 4320 side
1108 4234 1308 4300 rescribendis
1333 4243 1366 4299 et

271 4337 428 4400 mutandis
443 4337 563 4422 legibus
580 4339 672 4402 sacris
689 4339 811 4418 ferrem,
830 4364 899 4405 vera
913 4341 1027 4406 diceret
1035 4392 1045 4421 ,
1062 4344 1105 4409 ita
1117 4347 1149 4410 in
1161 4344 1364 4432 religionibus
