3074 5210
744 477 806 540 158

217 676 330 746 εἶδθτες
361 676 402 741 θτι
433 713 479 725 --
511 675 646 754 πρόθυμοι
678 673 754 747 ὄνταΙ
787 675 826 746 εἷς
852 675 930 751 ὑμᾶς
954 671 1149 748 οὶξιοθμεθα
1173 671 1322 750 εὑρίσκε-

217 789 307 850 σθαι
331 785 429 866 χάριν.
478 785 618 850 Debebat
650 785 757 850 saltem
782 785 959 864 εὑρησόμεθα
983 783 1088 864 χάριν,
1114 780 1198 866 quod
1221 781 1320 866 ipsius

218 898 357 960 oratoris
381 895 517 976 σφάλμα
541 917 606 960 essa
631 896 681 960 vix
706 895 859 980 estquod
884 917 1033 958 moneam.

273 1009 327 1070 35.
374 1004 564 1084 Πεπθνθαμεν
587 1005 616 1070 δὲ
639 1006 803 1070 τούναντίον
827 1011 886 1076 τοῖς
910 1003 1203 1082 autoretatem.
1225 1003 1322 1078 οἱμὲν

215 1118 284 1198 γὰρ
309 1117 396 1182 ἄλλοι
415 1118 482 1188 τοὺς
506 1116 618 1188 παῖδας
638 1115 900 1195 παραστησάμενον
916 1112 1100 1190 ἐξαιτοῦνται
1116 1115 1217 1194 σφοῖς,
1236 1114 1321 1187 ἡμεῖς

215 1227 251 1291 δὲ
272 1227 323 1292 τὸν
346 1227 462 1306 πατέρα
485 1229 594 1292 τουτονὶ
618 1225 668 1291 καὶ
694 1229 773 1302 ἡμᾶς
797 1223 1001 1300 ἐξαιτούμεθα.
1041 1220 1256 1286 Omitteudum
1279 1221 1321 1282 vi-

215 1336 317 1399 detur
338 1336 390 1400 καί
414 1343 485 1400 ante
509 1339 606 1417 ἡμεῖς,
624 1341 661 1399 nt
676 1338 725 1402 τὸν
742 1334 859 1413 πατέρα
875 1333 987 1398 τοοτονθ
1002 1332 1137 1418 pendeat
1152 1331 1190 1396 ab
1207 1332 1321 1394 omisso

214 1446 495 1525 παραστησάμενοι.
520 1485 565 1496 -
589 1446 731 1530 Denique
755 1445 812 1510 sub
836 1446 928 1510 finem
952 1443 1097 1507 sectionis
1122 1442 1242 1528 egregie
1258 1441 1321 1504 Do-

214 1557 316 1620 breus
347 1556 489 1628 παθθντεε
521 1555 669 1639 (Cobetus
698 1555 882 1636 πεπονθότες)
906 1556 985 1630 ἡμῶν
1008 1556 1036 1616 τ’
1058 1551 1167 1628 θνθξια
1192 1551 1318 1627 καὶτῆς

214 1665 345 1733 πθλεειε.

434 1897 498 1940 XXI.
530 1905 673 1945 ΑΠΟΛΟΓΙΑ
694 1904 876 1944 ΔΩΡΟΔΟΚΙΑΣ
899 1902 1100 1942 Anaratrmoz·

270 2104 371 2183 Quale
403 2106 496 2168 fuerit
526 2106 704 2171 institutum
728 2112 783 2171 τῶν
811 2107 938 2187 ζητητῶν
962 2106 1026 2168 sive
1049 2103 1258 2183 Quaestorum
1283 2099 1316 2160 fi-

216 2214 372 2290 scalium,
406 2237 539 2298 qnorum
563 2217 595 2280 iu
619 2216 676 2279 hac
703 2217 841 2280 oratione
863 2218 881 2300 q
907 2217 945 2277 16
971 2213 1087 2278 mentio
1111 2221 1175 2288 est,
1200 2210 1318 2294 optima

216 2323 374 2386 discimus
403 2346 439 2386 ex
466 2323 692 2402 Demosthene,
720 2326 752 2388 in
776 2325 907 2389 Timocr.
931 2328 948 2410 t
974 2327 1012 2388 11
1038 2346 1104 2408 sqq.
1130 2331 1160 2386 et
1184 2319 1317 2384 Bekkeri

218 2432 367 2498 Anecdd.
388 2433 414 2498 I.
435 2457 465 2518 p.
485 2438 547 2498 261
563 2436 583 2499 i.
595 2458 621 2500 v.
638 2437 785 2511 Ζητηταθ·
806 2437 885 2517 ιἰρχή
904 2460 948 2506 τις
967 2430 1120 2510 Ἀθήνησίν
1134 2435 1214 2506 ἐστι,
1236 2432 1317 2495 κατὰ

219 2545 341 2623 καιροὺς
370 2547 584 2624 καθισταμένη,
614 2547 682 2626 πρὸς
706 2544 739 2624 ἣν
761 2547 913 2626 ε’μηνθοντο
936 2549 961 2612 οἱ
985 2547 1149 2629 θφεθθιοντες
1173 2552 1210 2625 τῑη
1235 2541 1317 2607 πόλει

219 2657 376 2736 χρήματα
406 2659 454 2723 καὶ
482 2660 525 2735 μη
548 2658 729 2730 οὶποδιδθντες
753 2659 977 2742 (ἀποδεδωκότες
1001 2658 1133 2722 Photius
1156 2655 1188 2720 in
1212 2678 1240 2718 v.
1261 2665 1318 2728 Ζη-

220 2771 319 2842 πηπαθ
341 2771 373 2834 in
396 2770 522 2855 reliquis
546 2771 758 2848 consentians;
783 2772 821 2834 cf.
846 2770 941 2856 Harp.
966 2770 999 2833 in
1023 2769 1177 2852 Ζητητθς).
1225 2764 1320 2849 Apud

222 2879 471 2946 Demosthenem
494 2881 680 2963 Quaestores
705 2884 821 2948 crimen
845 2883 1067 2947 denunciatum
1091 2881 1150 2946 sibi
1174 2878 1212 2942 ad
1237 2899 1321 2941 sena-

221 2998 298 3053 tum
328 2990 487 3069 deferunt,
520 3017 538 3056 a
568 3017 630 3079 quo
658 2995 740 3058 facto
770 2993 1004 3078 probuleumate
1035 3015 1083 3055 res
1107 2991 1144 3054 ad
1169 2988 1320 3075 populum

221 3102 384 3180 reiicitur5
408 3111 511 3169 tamar
535 3104 710 3169 mirandum
732 3126 795 3168 non
819 3110 866 3167 est
889 3104 915 3166 si
938 3104 971 3166 in
987 3125 1080 3166 causa
1095 3101 1224 3186 Lysinoe
1238 3100 1320 3165 idem

223 3213 346 3276 factum
377 3237 439 3279 nou
472 3215 521 3278 sit.
568 3213 679 3300 Neque
711 3215 790 3278 enim
822 3215 1036 3298 magistratum
1068 3219 1153 3275 extra
1183 3211 1321 3276 ordinem

223 3323 411 3389 institutum
435 3347 554 3409 semper
577 3325 706 3389 eandem
729 3326 857 3389 formam
880 3324 989 3388 iudicii
1013 3331 1152 3388 secutum
1174 3344 1239 3385 esse
1255 3344 1323 3405 pro-

224 3433 332 3499 babile
354 3444 418 3512 est,
444 3443 473 3500 et
497 3438 706 3500 accusationes
729 3434 948 3500 interessetis
965 3434 1102 3498 diversae
1119 3439 1208 3510 sunt,
1227 3455 1323 3516 quum

226 3545 313 3630 apud
346 3547 587 3611 Demosthenem
613 3569 667 3632 per
690 3545 915 3633 praeiudicium
939 3543 1094 3628 quoddam
1117 3545 1145 3627 (q
1170 3545 1227 3605 12:
1252 3543 1324 3606 απε-

224 3658 443 3736 χειροτονθσαθ
473 3659 555 3734 ὑμεῖς
588 3659 631 3734 μη
661 3658 751 3736 Φθλια
783 3652 867 3738 εἶναι)
900 3654 1056 3719 dubitatio
1083 3654 1221 3738 praecisa
1244 3659 1324 3715 esset

227 3775 261 3831 et
286 3767 463 3850 peculatum
486 3769 601 3833 factum
625 3791 690 3832 esse
714 3775 884 3845 constaret,
911 3767 993 3851 apud
1009 3766 1133 3851 Lysiam
1150 3787 1220 3829 reus
1233 3763 1324 3848 plane
1430 3801 1433 3805 ·

227 3879 392 3963 pecuniam
417 3881 532 3944 aerario
556 3878 761 3943 substractam
782 3880 875 3944 fuisse
892 3885 993 3963 neget.
1030 3876 1131 3941 Causa
1158 3876 1261 3960 agitur
1290 3875 1323 3937 in

228 3987 321 4052 solito
353 3988 469 4053 iudicio
502 3988 612 4072 (ἄνδρες
637 3991 813 4076 δικασταίᾷ
839 3993 868 4073 1)
892 4013 955 4055 non
978 3990 1010 4053 in
1033 3988 1183 4070 ἐκκλησία.
1227 3989 1324 4052 Accu-

228 4105 301 4162 sant
329 4098 422 4164 iidem
454 4101 507 4184 qni
538 4123 625 4165 reum
655 4101 879 4180 Quaestoribus
910 4100 1176 4164 denunciaverunt
1199 4099 1225 4181 (q
1249 4097 1321 4177 20);

230 4210 343 4272 horum
372 4231 465 4293 opera
498 4234 561 4274 non
596 4212 678 4275 ultra
712 4212 893 4296 processisse
924 4210 1047 4274 videtur
1077 4231 1168 4293 quam
1199 4213 1322 4270 utrem

229 4319 408 4382 summatim
423 4321 579 4404 cognitam
603 4321 642 4384 ad
664 4322 815 4386 iudicium
839 4321 1002 4386 deferrent.
1040 4319 1149 4403 Neque
1171 4317 1252 4382 euim
1272 4317 1321 4379 ius

230 4430 329 4494 dicere
353 4452 453 4514 neque
474 4452 616 4495 accusare
635 4432 695 4517 ipsi
714 4431 870 4510 solebant,
887 4439 924 4495 nt
945 4453 981 4494 ex
1000 4429 1207 4493 Demosthene
1227 4425 1321 4510 (apud
