3126 5210
646 504 708 568 171

152 701 221 765 citati
247 701 300 766 tali
329 703 429 786 qualis
459 709 505 766 est
527 703 544 786 t
569 705 610 765 14
634 707 787 786 repugnat
809 699 955 764 orationis
978 699 1062 762 color
1081 694 1220 781 placidus

151 818 176 873 et
194 811 321 894 quietus,
345 833 410 875 non
432 811 640 896 protervitatis
664 817 695 874 et
717 809 906 895 petulantiae
921 807 1040 893 plenus.
1064 805 1219 870 Festivum

150 921 281 1004 estquod
304 942 396 985 senex
419 943 513 1006 paene
536 920 711 1006 decrepitus
734 917 783 1002 (cf.
804 921 821 1004 t
841 921 875 982 u:
895 915 927 992 ἣν
948 917 1034 990 οὗτος
1054 916 1105 992 ἤδη
1124 929 1221 996 xatas·

148 1035 197 1101 πῶς
220 1030 386 1111 ἐςνοὶζομοοι.
433 1033 450 1116 p
474 1033 510 1095 8:
535 1039 628 1108 γῆρας
652 1067 697 1079 -
720 1029 929 1110 προςνίννετιιί
950 1029 1009 1112 μοι)
1029 1034 1060 1090 et
1086 1025 1221 1110 corporis

148 1141 211 1204 vitio
237 1141 273 1206 ab
304 1164 406 1206 amore
438 1143 597 1221 exclusus,
622 1139 952 1217 ᾶίοὶϊνιοιῖδεςδέμοι
976 1137 1174 1212 cerostata,
1199 1132 1227 1200 οἵ

147 1271 179 1325 με
206 1252 419 1331 θεροιιεύοοοοιν
449 1254 476 1337 (t
500 1254 540 1336 6).
589 1251 648 1316 Sed
673 1251 792 1316 collatis
816 1249 961 1335 proximis
985 1245 1098 1311 dubius
1121 1245 1223 1310 haere·

148 1360 201 1438 bis,
231 1369 332 1426 utrum
363 1363 447 1427 hunc
471 1361 631 1426 scurrilem
655 1362 759 1426 iocum
782 1359 913 1424 voluerit
936 1356 1082 1431 claudus,
1108 1377 1146 1418 an
1169 1353 1223 1418 mi·

146 1490 195 1534 uus
226 1473 384 1558 perspicue
418 1471 649 1557 significaverit:
686 1470 792 1547 liberi,
829 1489 907 1555 quos
937 1466 1053 1543 habeo,
1084 1462 1222 1528 nondum

146 1580 232 1645 adulti
253 1590 326 1646 sunt
348 1604 405 1647 nec
429 1583 503 1646 satis
528 1581 650 1659 valent,
676 1589 713 1645 ut
736 1603 784 1645 me
808 1584 993 1644 sustentent.
1039 1572 1151 1638 Paucis
1174 1593 1224 1636 vo

146 1691 249 1756 sabulis
278 1699 349 1778 post
381 1693 459 1756 serio
483 1698 725 1776 argumentatur.
773 1689 915 1754 Hominis
939 1687 1021 1751 dicta
1044 1693 1075 1750 et
1097 1683 1223 1748 facetiae

145 1823 160 1863 a
183 1801 271 1888 Lysia
300 1803 399 1867 forma
421 1803 559 1887 legitima
582 1802 757 1866 orationum
780 1798 970 1864 iudicialium
996 1795 1107 1860 induta
1130 1799 1220 1870 sunt,

144 1911 191 1975 sed
223 1935 257 1976 eo
290 1914 358 1997 ipsc
390 1913 507 1997 saporis
544 1913 737 1995 aliquantum
769 1909 945 1973 amiserunt.
993 1905 1133 1969 Libertas
1161 1903 1223 1967 oris

143 2019 265 2086 hominis
298 2022 410 2108 plebeii
441 2029 561 2108 pugnat
591 2043 662 2086 cum
686 2020 847 2085 sententiis
870 2019 902 2083 in
925 2019 998 2082 artis
1021 2015 1133 2081 incude
1156 2035 1224 2098 pro-

143 2131 225 2195 cusis.
271 2131 310 2196 In
332 2133 394 2196 fine
416 2140 519 2196 autem
542 2132 688 2195 orationis
711 2129 790 2195 nihil
814 2127 978 2192 hilaritatis
1001 2129 1146 2210 (,‚hcitere
1166 2123 1223 2188 Zu-

141 2241 298 2328 vorsicht'’)
321 2242 411 2306 video
434 2243 590 2327 equidem,
614 2263 670 2306 nec
693 2240 776 2327 quod
792 2259 976 2325 magnopere
991 2236 1124 2302 iudicem
1141 2257 1220 2300 com-

140 2371 254 2443 movere
276 2353 385 2436 possit.

180 2459 310 2539 Verum,
336 2462 393 2525 etsi
416 2460 534 2546 aliquid
557 2460 780 2526 detrahendum
804 2465 879 2546 puto
895 2459 933 2523 de
949 2459 1097 2544 singulari
1112 2458 1221 2536 laude,

142 2589 197 2651 qua
218 2569 492 2634 Rauchensteinius
516 2571 595 2635 hano
619 2571 740 2634 extollit
763 2571 947 2647 orationem,
972 2576 1074 2633 umen
1096 2570 1222 2633 minime

140 2699 212 2764 nego
235 2699 305 2743 suas
328 2679 413 2744 illam
438 2679 548 2745 habere
567 2681 706 2744 virtutes.
731 2679 848 2744 Ordine
871 2687 902 2744 et
925 2678 1079 2744 subtiliter
1100 2679 1223 2762 singula

139 2791 336 2854 accusationis
368 2791 468 2874 capita
498 2791 735 2874 redarguuntur.
782 2790 911 2868 Omnia,
941 2811 1020 2875 qnae
1043 2811 1223 2854 commemo·

136 2899 228 2963 rande
251 2909 353 2978 erant,
377 2922 440 2964 unc
463 2901 531 2964 loco
554 2908 796 2985 componuntur,
820 2902 837 2985 t
859 2904 897 2964 4:
921 2899 995 2984 Φησὶ
1018 2901 1078 2981 γὰρ
1100 2902 1220 2976 iacnt·

135 3032 214 3088 νορος
241 3013 271 3075 οὐ
301 3011 415 3081 δικοιίιος
443 3036 482 3088 με
510 3011 679 3090 λοιμβοίνειν
707 3011 741 3075 τὸ
764 3012 846 3092 παρὰ
869 3020 921 3086 τῆς
945 3011 1055 3082 πόλεως
1075 3010 1221 3092 ἀργύριον·

134 3119 182 3183 aul
218 3126 278 3198 aaa
311 3123 352 3201 τῷ
383 3121 497 3198 οώμοιτι
525 3122 660 3186 lurcatur
692 3121 743 3186 ιιοιὶ
773 3125 823 3186 οὐκ
851 3118 922 3185 εἶνοοι
951 3126 1007 3185 τῶν
1038 3121 1185 3186 alcuinus
1198 3122 1223 3204 ¹)

135 3229 184 3311 (cf.
209 3229 226 3313 ᾧ
251 3231 309 3307 13,
338 3233 410 3316 14),
434 3231 484 3297 aa}
508 3231 616 3312 τέχνην
639 3232 814 3298 ἕπίοτοοσθοιι
837 3229 972 3304 τοιαύτην
993 3228 1066 3294 ὥστε
1091 3230 1139 3294 acl
1155 3227 1224 3294 ἄνευ

133 3345 184 3404 τοῦ
208 3339 349 3416 διδομένου
369 3342 469 3407 τούτου
489 3341 539 3424 ζῆν
563 3344 591 3428 (ᾧ
603 3346 639 3421 6,
656 3345 703 3428 9),
724 3344 772 3408 κιο)
793 3344 952 3423 τεκμηρίοις
971 3349 1081 3423 acptum
1099 3350 1151 3415 τῆς
1170 3341 1224 3417 μὲν

133 3455 184 3515 τοῦ
207 3450 343 3527 σώματος
367 3452 477 3535 ῥώμης,
503 3451 545 3516 ὅτι
568 3454 616 3517 ἐπὶ
640 3454 706 3526 τοὺς
729 3449 832 3524 ἵνιιιονς
852 3451 1003 3528 οἳνοιβιιίνιι
1020 3452 1048 3535 (p
1061 3452 1222 3534 10—12),

134 3567 187 3633 τῆς
215 3561 241 3624 δ’
266 3562 294 3624 ἕν
321 3573 359 3644 τῇ
388 3561 480 3645 τέχνῃ
511 3564 664 3642 εὐπορίας,
695 3563 737 3629 ὅτι
761 3565 887 3641 δύνομιν
912 3570 1034 3627 σονεῖνιιι
1058 3560 1223 3639 δυναμένοις

137 3669 317 3754 [ἀνθρώποις]
341 3672 507 3736 circatorum
536 3674 564 3757 (p
589 3676 644 3750 19,
664 3675 727 3758 20).
765 3673 823 3736 His
852 3679 1058 3738 annectuntur
1085 3693 1163 3758 quae
1186 3671 1225 3736 ad

137 3778 362 3844 miserationem
385 3781 634 3846 commovendam
658 3791 729 3868 apta
752 3792 824 3847 sunt
847 3785 909 3868 tl,
925 3786 959 3860 83
975 3785 1080 3868 quaet
1094 3783 1224 3845 15--18

166 4030 189 4090 1)
206 4027 273 4078 Hace
290 4029 360 4078 verbs
378 4032 415 4080 καὶ
432 4033 469 4078 οὐκ
486 4031 524 4081 οἶν.
544 4049 565 4080 τ.
582 4037 605 4080 ἀ.
625 4031 662 4079 vel
680 4029 741 4079 hanc
759 4031 789 4079 cb
807 4045 903 4080 causam
920 4047 968 4080 non
986 4031 1104 4080 dehebant
1120 4030 1224 4094 l'sylcro

135 4121 159 4164 ct
183 4115 279 4166 Dobreo
305 4121 414 4180 suspecta
439 4131 503 4174 esse,
528 4119 591 4181 quod
610 4117 675 4167 aliud
692 4121 729 4168 est
745 4129 780 4186 τῷ
798 4128 890 4185 σώματι
906 4128 939 4186 μὴ
958 4121 1064 4173 δύνασθαι
1081 4134 1153 4184 quam
1170 4117 1225 4170 εἶναι

134 4205 241 4256 ἀδύνατον
273 4201 390 4261 'ethaeos
406 4203 470 4253 enim
488 4220 531 4254 nec
549 4205 578 4254 ad
596 4221 681 4269 corpus
698 4209 794 4256 tantum
812 4223 855 4256 uec
873 4209 902 4256 ad
920 4223 970 4256 rem
989 4207 1130 4256 familiarem
1148 4204 1224 4254 sclam

135 4291 239 4354 pertinet
261 4291 302 4341 sed
325 4293 354 4340 ad
379 4297 507 4356 utrumque
528 4293 614 4352 simul,
632 4297 661 4342 ut
678 4297 730 4364 tota
747 4295 924 4358 argumentatio
941 4296 1024 4353 dccet,
1043 4308 1115 4358 quare
1132 4308 1161 4342 ax
1179 4291 1223 4340 hac

135 4377 229 4440 quidem
256 4380 365 4429 oratione
390 4380 452 4430 effici
477 4396 525 4430 nou
548 4380 616 4439 licet,
641 4397 723 4431 omnes
747 4398 833 4446 egenos
854 4382 956 4432 Athenis
974 4381 1069 4447 publice
1086 4380 1224 4430 sublevatos

136 4481 197 4526 esec,
215 4466 257 4516 aad
274 4482 315 4516 ecs
331 4471 439 4527 tantum,
459 4469 499 4532 qui
518 4484 619 4532 corpora
636 4469 707 4520 simul
724 4485 772 4520 nou
789 4471 902 4520 valerent.
