3074 5210
715 479 838 542 .84

275 689 393 766 posset,
426 681 451 744 si
481 681 512 744 in
545 679 651 744 eodem
682 687 821 764 pergeret
844 685 1041 762 argumento;
1066 676 1119 741 sed
1142 675 1265 740 omnino
1288 672 1369 739 novi

275 793 351 878 quid
375 792 474 870 affert3
498 792 531 855 in
555 791 762 876 superioribus
786 790 864 854 dixit
879 787 1045 864 nonfacile
1060 788 1201 852 futurum
1215 787 1309 850 fuisse
1325 793 1368 849 ut

273 904 410 981 lucrum,
443 903 526 989 quod
558 893 594 968 ex
627 903 770 966 metoecis
794 901 972 986 sperabant,
996 901 1119 964 omnino
1142 899 1176 964 in
1199 898 1367 963 discrimen

274 1015 429 1102 dedissent
436 1043 445 1094 3
478 1026 563 1094 tum,
597 1037 704 1102 porro,
737 1015 856 1098 inquit,
885 1034 975 1097 quem
998 1013 1099 1076 minus
1123 1017 1366 1076 consentaneum

274 1134 337 1191 erat
357 1127 417 1190 tale
436 1128 553 1190 iussum
569 1135 781 1213 accepturum,
799 1147 890 1211 quam
906 1125 1004 1202 bunc,
1022 1125 1075 1208 qui
1091 1123 1255 1188 oblocutus
1271 1129 1365 1187 esset.

274 1238 351 1303 Cum
375 1239 465 1303 nimis
489 1241 588 1324 gravis
612 1238 739 1322 triginta
763 1238 834 1300 viris
859 1244 922 1300 erat
945 1259 991 1300 res
1015 1235 1255 1320 inquilinorum,
1273 1241 1309 1297 ut
1325 1255 1367 1296 ea

273 1360 433 1416 uterentur
456 1351 493 1414 ad
518 1349 648 1414 alicuius
671 1348 761 1413 fidem
786 1347 1020 1434 explorandam,
1048 1356 1116 1412 tum
1140 1346 1189 1410 hic
1213 1348 1245 1410 in
1269 1367 1303 1409 ea
1325 1368 1364 1409 re

273 1473 442 1548 suspectus.

316 1577 334 1660 q
356 1578 409 1639 30.
456 1575 537 1652 ὑμεῖς
560 1575 589 1638 at
613 1574 722 1646 naturae
744 1573 945 1654 ὀργίζεσθε,
967 1571 1024 1638 ὅσοι
1040 1573 1079 1644 εἷς
1097 1570 1254 1644 eiecticiae
1267 1565 1363 1645 ἦλθον.

272 1687 349 1772 Leg.
374 1685 533 1768 ὠργίζεσθε.

316 1801 333 1883 q
356 1800 407 1862 33.
455 1797 514 1862 οὐδὲ
538 1799 606 1878 παρ’
630 1799 726 1868 αὐτοῖς
750 1792 821 1861 εἶναι
844 1793 1124 1880 „quemadmodum
1140 1816 1179 1857 ne
1195 1793 1278 1857 domi
1294 1793 1365 1876 qui·

271 1911 364 1989 „dem
387 1915 508 1974 nostrae
532 1907 620 1972 nobis
644 1929 708 1972 esse
730 1905 851 1970 licuit.'’
897 1908 1003 1977 Αθτσῖς
1026 1927 1080 1990 pro
1105 1907 1172 1982 ἡμῖν
1196 1907 1293 1975 αὐτοῖς
1299 1953 1309 1986 ,
1324 1913 1365 1968 ut

271 2023 378 2088 icardo
410 2047 464 2108 pro
495 2026 572 2100 ὑμῶν
603 2027 697 2088 αὐτῶν
728 2027 757 2086 8.
788 2026 824 2100 5,
860 2025 910 2086 18.
941 2025 1002 2100 15,
1034 2024 1087 2084 28.
1115 2023 1165 2084 16.
1214 2019 1361 2086 Ceterum

272 2136 400 2201 strictim
425 2145 455 2200 et
478 2138 543 2201 sine
566 2137 746 2201 necessitate
770 2136 823 2200 sed
847 2158 882 2199 eo
907 2134 1043 2199 acerbius
1066 2133 1142 2197 baec
1165 2131 1320 2197 dicuntur.

316 2249 407 2333 §db
455 2250 525 2332 φέρε
557 2249 607 2324 δή,
639 2249 670 2313 σι’
699 2249 735 2314 θεν
758 2249 781 2313 εἰ
804 2246 853 2313 καὶ
878 2247 1001 2329 ἀδελφοὶ
1024 2245 1102 2318 ὄντες
1126 2246 1245 2327 ἕτθχετ’
1267 2248 1361 2311 αὐτοῦ

272 2359 288 2433 ἢ
315 2361 365 2424 uel
389 2361 474 2436 olefa3
498 2361 750 2442 σθσεψηφίσσισθες
775 2357 822 2444 (θεν
846 2357 930 2441 add.)
978 2357 1107 2443 Aliquid
1127 2357 1273 2422 excidisse
1288 2363 1362 2442 post

194 2517 195 2521 =
271 2472 302 2536 τί
324 2469 360 2536 fer
382 2473 405 2534 εἰ
428 2470 550 2534 videtur
573 2470 713 2547 Dobree,
738 2470 821 2548 iure,
846 2470 963 2554 opinor.
994 2467 1152 2534 Sententia
1167 2469 1248 2532 enim
1263 2467 1359 2532 buius

271 2583 414 2646 sectionis
438 2589 499 2647 est:
525 2579 746 2660 ‚,vernntamen
769 2605 808 2646 ne
831 2582 910 2646 banc
933 2581 1057 2667 quidem
1081 2581 1290 2645 condicionem
1313 2601 1361 2642 re·

269 2716 365 2772 „cuso
397 2696 444 2778 (ut
474 2694 565 2758 liceat
594 2695 647 2759 isti
670 2694 728 2758 sibi
752 2693 919 2758 honorifica
942 2692 1114 2778 praedicare
1138 2692 1176 2756 de
1198 2692 1253 2769 iis,
1279 2698 1357 2774 quae

232 2847 233 2850 =
270 2805 407 2883 „nemini
438 2812 511 2869 nota
542 2812 629 2883 sunt,
662 2812 692 2868 et
722 2804 761 2867 ad
792 2803 871 2868 facta
895 2811 1015 2867 tantum
1040 2805 1106 2867 eius
1130 2803 1354 2888 attendamus),

240 2936 243 2943 ·
270 2914 346 2993 „sed
369 2915 482 3000 largior
504 2915 579 2993 tibi,
604 2923 635 2978 te
659 2914 837 2979 oblocutum
861 2937 934 2979 esse.
976 2914 1173 3000 Quamquam
1187 2915 1281 2979 miror
1297 2915 1357 2978 uti·

269 3046 368 3109 „que,
401 3024 477 3110 quid
506 3025 631 3090 tandem
662 3025 783 3090 fecisses
807 3026 946 3110 (triginta
970 3027 1052 3110 viris)
1077 3025 1277 3110 suffragatus,
1301 3025 1356 3108 qui

269 3159 374 3215 „nunc
398 3136 539 3222 quidem,
565 3160 660 3222 quum
684 3136 863 3201 oblocutum
879 3145 910 3202 te
927 3160 990 3201 esse
1007 3136 1105 3215 dieas,
1123 3136 1359 3225 Polemarchum⁵

269 3247 511 3325 „interfeceris”
557 3248 632 3312 Post
661 3247 741 3312 hanc
765 3249 971 3333 exceptionem
994 3272 1033 3313 an
1057 3250 1273 3313 correctionem
1295 3246 1358 3310 dic-

270 3366 370 3422 torum
394 3360 427 3422 in
450 3361 527 3423 viam
551 3358 645 3422 redit:
670 3357 723 3422 sed
746 3359 807 3422 iam
831 3361 918 3443 sequi
942 3359 1049 3436 debet,
1074 3358 1149 3442 quid
1169 3379 1299 3442 aequum
1316 3356 1357 3420 sit

269 3492 340 3534 eum
371 3471 450 3555 pati,
479 3471 532 3554 qui
554 3471 687 3548 iniuste,
712 3470 850 3555 quamvis
875 3469 1055 3548 oblocutus,
1081 3469 1213 3554 aliquem
1236 3467 1357 3533 interfe-

269 3581 360 3658 cerit,
386 3580 443 3644 hoc
466 3581 528 3645 fere
550 3581 659 3646 modo:
684 3581 788 3666 „agite
811 3604 881 3645 vero
906 3581 1054 3666 (utillud
1077 3582 1226 3667 mittam),
1244 3582 1270 3644 si
1286 3581 1356 3666 quis

267 3714 383 3775 „quem
405 3697 516 3757 incitus
539 3696 656 3776 quidem
679 3700 707 3757 et
732 3697 801 3758 aliia
825 3695 995 3772 obsecutus,
1019 3698 1300 3759 aedtcmenioiustc
1310 3697 1356 3764 io·

270 3803 476 3888 „terfecfsaet,
500 3825 615 3888 vosque
638 3803 791 3867 interfecti
814 3804 922 3867 fratres
946 3812 1000 3868 aut
1023 3804 1080 3868 filii
1102 3803 1254 3880 fuissetis,
1279 3824 1356 3865 num

267 3913 513 3991 „interfectorem
541 3913 786 3979 absolvissetis?”
820 3914 869 3978 Ita
891 3915 979 3979 nulla
1001 3915 1127 3980 offensio
1151 3914 1253 3978 estin
1280 3914 1357 3976 aori-

269 4025 342 4102 stis,
359 4047 414 4108 pro
430 4025 543 4109 quibus
563 4034 636 4090 sunt
652 4027 706 4110 qui
721 4026 898 4111 imperfecta
914 4027 1083 4092 substituta
1098 4026 1211 4104 velint,
1229 4033 1259 4090 et
1274 4031 1356 4088 recte

268 4135 405 4220 procedit
428 4139 661 4223 argumentatio.

313 4249 330 4332 q
353 4251 394 4312 ll
419 4271 463 4332 sq.
510 4249 658 4320 Πολλάκις
677 4249 834 4328 ἐθαύμασα
853 4259 905 4324 τῆς
926 4251 1038 4328 τόλμης
1055 4255 1111 4315 τῶν
1126 4233 1270 4325 λεγόντων
1286 4247 1356 4327 ὑπὲρ

270 4361 382 4444 αὐτῶν,
407 4363 484 4437 πλὴν
506 4359 576 4427 drea
595 4362 735 4438 ἐνθυμηθῶ
753 4359 795 4426 ὅτι
814 4367 870 4426 τῶν
890 4365 990 4427 αὐτῶν·
1005 4364 1082 4427 ἐστιν
1093 4361 1198 4430 αὐτούς
1209 4384 1244 4424 σε
1255 4357 1359 4424 πάντα

269 4471 309 4534 rat
341 4470 392 4554 (σθ
423 4472 606 4551 delendum,
639 4472 675 4536 cf.
707 4471 846 4549 Dobree,
879 4495 907 4556 p.
937 4474 1002 4534 cm
1026 4481 1057 4536 et
1079 4470 1219 4556 Sauppe,
1243 4467 1356 4532 Philol.
