3128 5208
878 473 920 535 ot

352 669 518 732 accusatori
551 670 718 753 quaedam,
751 691 829 754 quae
860 669 978 756 Polycli
1009 671 1164 738 officerent
1187 682 1218 738 et
1240 677 1367 740 reticere
1391 700 1441 741 eos
1519 683 1522 690 '

350 782 524 845 conveniret
547 803 737 846 communem
761 805 831 846 cum
855 783 979 868 Polycle
1003 807 1127 849 causam
1143 795 1285 871 agentes;
1302 799 1372 873 post
1387 789 1442 853 illa

348 899 431 974 σφῶν
465 917 502 970 νε
533 894 627 957 αὐτῶν
656 893 834 973 κατηγόρουν
866 894 1054 980 pergendum
1086 905 1151 960 erat
1183 897 1226 960 sic
1257 899 1337 962 fere:
1369 923 1441 964 nam

348 1003 467 1089 Polycli
497 1004 589 1068 etiam
622 1003 800 1068 calumniati
833 1012 915 1070 aunt.
947 1003 1013 1070 Iam
1038 1007 1211 1072 satisfacere
1234 1007 1296 1073 fere
1319 1019 1440 1094 posset:

347 1118 371 1181 εἰ
401 1118 461 1197 γὰρ
492 1113 571 1180 εἷπον
600 1118 680 1193 incl,
712 1113 734 1180 ἃ
761 1118 803 1192 μιν
825 1117 905 1194 μετὰ
930 1119 1038 1183 τούτων
1061 1120 1245 1198 ἀδικουμένου
1267 1147 1323 1198 μιν
1346 1123 1437 1201 μηδὲν

346 1223 378 1302 ἦν
398 1229 504 1292 δίκαιον
525 1229 631 1303 εἰπεῖν,
657 1225 748 1303 ἦνον
771 1234 869 1300 καλῶς
889 1229 1099 1309 συνέπραττον,
1124 1253 1218 1308 „nam
1242 1232 1267 1294 si
1292 1231 1440 1298 dixerunt

346 1340 459 1418 „mihi,
484 1357 562 1424 quae
585 1339 645 1403 nisi
669 1361 739 1403 cum
762 1340 836 1424 ipsis
861 1340 951 1404 simul
973 1340 1073 1405 lae'aus
1090 1364 1202 1420 essem,
1220 1343 1344 1408 minime
1359 1347 1438 1409 milri

345 1452 468 1532 „dicere
487 1472 538 1514 eos
555 1450 730 1535 oportebat,
752 1451 857 1535 pulcre
878 1473 949 1515 sane
967 1451 1086 1537 Polycli
1101 1452 1367 1538 opitulabantur.''
1399 1457 1437 1520 In

345 1586 407 1649 quo
430 1563 528 1626 forma
551 1561 768 1626 condicionalis
792 1583 854 1626 uon
878 1562 1024 1628 incertam
1047 1585 1111 1628 rem
1135 1565 1303 1648 significat,
1328 1567 1383 1630 sed
1399 1567 1437 1633 de

343 1698 376 1740 rc
407 1682 575 1759 usurpatur
605 1673 730 1736 minime
762 1672 857 1738 dubia
888 1674 987 1759 (quasi
1014 1674 1115 1739 dicas:
1141 1675 1167 1738 si
1190 1698 1295 1740 verum
1319 1686 1384 1756 est,
1410 1679 1442 1762 si

334 1788 467 1866 ¹minime
499 1784 627 1849 dubium
660 1793 722 1861 est,
754 1807 805 1847 eos
828 1784 941 1849 dixisse
964 1785 1062 1871 mihi).
1109 1785 1169 1850 sed
1192 1787 1302 1872 pedem
1325 1813 1361 1854 ex
1387 1791 1436 1855 his

342 1897 467 1962 salebris
490 1896 643 1961 retrahere
667 1903 812 1982 praestat.

669 2143 711 2186 IX.
740 2151 812 2190 ΤΠΕΡ
834 2153 890 2190 ΤΟΤ
912 2152 1101 2192 ΣΤΡΑΤΙΩΤΟΤ.

385 2347 530 2412 Mutilum
559 2369 623 2410 esse
654 2346 822 2411 orationem
853 2348 923 2427 ὑπὲρ
949 2354 1000 2414 τοῦ
1025 2351 1216 2429 στρατιώτου,
1241 2371 1357 2434 quase
1382 2350 1433 2415 de-

339 2460 438 2524 fendit
466 2458 639 2546 Polyaenus
671 2459 709 2521 de
740 2458 856 2522 mulcta
887 2480 950 2522 non
981 2458 1100 2537 soluta,
1133 2481 1170 2522 ex
1199 2460 1265 2544 ipso
1296 2462 1431 2546 perspici

339 2571 492 2658 prooemio
524 2577 642 2655 potest,
672 2570 704 2633 in
728 2592 791 2654 quo
815 2593 847 2633 ac
870 2569 1027 2634 dicturum
1049 2570 1202 2655 promittit
1226 2572 1360 2654 quaein
1384 2594 1430 2636 se·

339 2682 503 2769 quentibus
535 2681 757 2746 desiderantur.
801 2680 938 2760 Vellem,
969 2683 1088 2766 inquit,
1120 2680 1158 2745 dc
1187 2682 1323 2747 moribus
1352 2685 1428 2748 meis

337 2803 436 2859 tacere
466 2793 542 2857 mihi
573 2791 677 2856 liceret
684 2818 694 2869 3
723 2792 942 2870 διαβαλλόντων
970 2791 999 2856 δέ
1022 2818 1061 2868 με
1083 2799 1139 2858 νῶν
1161 2793 1308 2858 ἀντιδίκων
1331 2795 1427 2872 ἀναν·

336 2906 417 2973 καῖόν
440 2907 501 2970 ἐστι
525 2904 604 2985 περὶ
628 2904 773 2970 παντων
794 2904 846 2977 τιν
867 2905 1032 2982 ἀπολογίαν
1053 2906 1236 2980 ποιήσασθαι.
1272 2903 1332 2969 Sed
1348 2905 1428 2969 nihil

336 3019 373 3082 de
404 3019 467 3082 vita
496 3016 591 3101 ipsius
623 3025 692 3100 ante
717 3022 784 3079 acta
807 3015 922 3101 legitur
944 3015 1004 3080 nisi
1027 3015 1111 3100 quod
1135 3022 1304 3102 potestate,
1329 3038 1422 3100 quam

336 3130 394 3194 sibi
428 3151 481 3214 per
514 3127 644 3192 Sostrati
678 3127 837 3192 cuiusdam
871 3126 1109 3191 familiaritatem
1144 3126 1326 3211 peperisset,
1363 3149 1424 3192 non

336 3241 450 3306 abusus
474 3247 554 3304 esset
576 3239 624 3302 vel
648 3238 686 3302 ad
710 3239 850 3303 inimicos
874 3237 1038 3302 laedendos
1061 3237 1110 3301 vel
1133 3235 1171 3300 ad
1194 3237 1305 3302 amicos
1321 3239 1425 3303 iuvan-

335 3353 405 3431 dos,
437 3355 453 3438 d
486 3356 536 3417 14.
582 3351 697 3416 Tamen
725 3351 825 3415 multo
856 3351 946 3436 plura
974 3350 1101 3414 crimina
1123 3371 1216 3434 quam
1239 3350 1329 3413 istam
1354 3351 1424 3415 ami-

334 3466 438 3529 citiam
468 3466 501 3529 in
532 3487 604 3529 eum
635 3464 823 3548 congessisse
854 3461 1059 3539 adversarios,
1092 3482 1223 3544 quorum
1255 3467 1321 3524 tota
1344 3462 1422 3524 ratio

334 3600 351 3640 a
381 3578 480 3662 capite
512 3597 620 3641 causae
649 3575 765 3639 deflexa
795 3575 826 3638 in
858 3566 1037 3638 insectanda
1064 3573 1107 3637 rei
1130 3573 1194 3636 vita
1216 3572 1422 3651 constitisset,

331 3709 393 3752 non
424 3687 568 3752 dubium'
585 3695 640 3750 est.
687 3685 782 3748 Porro
814 3695 920 3748 contra
949 3693 1105 3748 oratorum
1129 3682 1382 3748 consuetudinem
1407 3707 1424 3747 a

333 3799 449 3862 directa
472 3797 712 3882 interrogatione
735 3795 860 3880 incipit:
885 3797 915 3860 τι
937 3819 1008 3860 ποτε
1031 3793 1219 3870 διανοηθέντες
1242 3797 1265 3858 οἱ
1288 3796 1420 3862 erratica

332 3916 382 3976 τοῦ
415 3910 469 3988 μὲν
497 3909 676 3990 πράγματος
699 3908 926 3988 παρημελήκασι
948 3906 997 3972 τὸν
1019 3904 1169 3986 δὲτρόπον
1191 3929 1247 3983 μον
1271 3906 1421 3987 ἐνεχείρι-

331 4047 387 4088 σαν
411 4020 601 4099 teudalensem
626 4019 680 4084 ubi
702 4022 839 4084 mirandi
859 4018 984 4088 verbum
1009 4025 1040 4081 et
1060 4017 1197 4081 iudicum
1214 4016 1420 4101 compellatio-

331 4156 401 4198 nem
420 4133 569 4197 desidero.
601 4131 742 4196 Sectione
767 4133 806 4193 la
832 4130 943 4194 omissa
963 4151 1027 4192 esse
1046 4128 1138 4192 verba
1156 4128 1217 4193 οὐδέ
1236 4136 1267 4192 et
1282 4130 1417 4204 εὐθύνας,

331 4245 422 4309 hodie
444 4245 477 4308 in
501 4243 638 4307 confesso
662 4250 709 4305 est
731 4249 762 4305 et
783 4242 858 4326 §14
880 4247 950 4304 ante
971 4241 1023 4309 τιν
1038 4239 1092 4317 μὲν
1107 4235 1153 4303 οὖν
1167 4240 1254 4319 ὄρνιν
1269 4238 1417 4322 quaedam

331 4355 478 4420 excidisse
509 4354 650 4419 Scheibio
682 4352 911 4417 assentiendum
943 4352 1073 4416 videtur.
1120 4349 1161 4414 Et
1192 4351 1318 4414 fortasse
1349 4353 1366 4435 d
1398 4352 1414 4413 l

330 4467 411 4532 idem
435 4466 547 4532 accidit
570 4474 640 4552 post
662 4466 760 4542 λήσιιν
784 4467 891 4549 (λήσειν
915 4461 1118 4546 ἀδικοῦνται).
