3128 5208
653 483 692 544 78

136 679 221 763 tiqnis
250 678 370 765 legib'us
401 682 572 768 conquirit,
604 704 658 768 pro
693 679 805 766 quibus
842 677 989 743 recentior
1024 672 1213 738 consuetudo

135 791 187 855 alia
215 792 402 873 substituat,
434 803 468 860 ut
491 801 636 882 appareat
659 817 719 858 non
743 793 775 858 in
799 791 896 856 verbis
920 786 1106 853 haerendum
1130 807 1212 860 esse,

134 902 233 968 sedin
257 907 411 970 sententia
433 929 511 993 quae
533 907 571 972 iis
595 904 704 970 subsit.
744 903 783 968 In
806 925 868 989 qno
891 923 996 967 rursus
1012 897 1135 964 acerbe:
1153 919 1213 974 „an

131 1036 234 1093 „vero,
266 1017 451 1103 interrogat,
481 1026 533 1096 tu,
557 1017 776 1093 Theomnesto,
800 1017 880 1099 (num
903 1035 967 1078 eum
989 1033 1053 1076 rem
1075 1017 1106 1076 tu
1129 1013 1213 1073 miri·

130 1128 199 1201 „fite
220 1131 341 1213 cauea),
366 1129 449 1194 aliud
472 1151 536 1195 esse
560 1136 650 1215 putas
672 1133 754 1211 ῥῖψαι
777 1129 829 1202 την
853 1124 982 1202 maha,
1004 1122 1088 1187 aliud
1104 1120 1213 1199 οὶποβε-

129 1237 331 1313 ,,βληιιε’ναιΡ”
355 1243 384 1328 (b
407 1243 448 1326 9).
492 1240 626 1306 Omnino
649 1240 741 1305 altius
765 1239 897 1324 insurgit
921 1237 1035 1313 oratio,
1060 1234 1213 1318 habetque

129 1347 256 1415 colorem
289 1354 420 1418 eundem
447 1376 535 1440 saepe
562 1361 653 1440 atque
677 1351 858 1416 duodecima
881 1351 924 1435 (in
948 1347 1212 1428 Eratosthenem),

128 1467 160 1522 nt
187 1460 220 1524 in
251 1465 399 1530 orationis
431 1467 581 1531 tenuitate
612 1471 712 1529 tamen
745 1463 836 1528 etiam
867 1460 973 1526 lacerti
1005 1459 1086 1535 sint,
1111 1457 1155 1520 sic
1179 1462 1214 1519 nt

128 1569 187 1635 fieri
210 1575 312 1658 possit
335 1576 413 1641 nihil
436 1569 588 1642 valentius
612 1575 688 1661 (cio.
712 1575 801 1638 Brut.
827 1576 889 1658 16).

168 1684 183 1766 t
207 1686 236 1749 1.
286 1687 418 1752 Penuria
440 1688 582 1765 testium,
606 1687 724 1774 inquit,
748 1703 811 1751 non
827 1683 988 1760 laborabo,
1008 1682 1132 1752 πολλοὺς
1152 1679 1212 1757 γόιρ

127 1792 199 1867 ὑμῶν
219 1797 272 1877 ὁρῶ
292 1797 458 1880 δινοόζοντας
478 1805 533 1864 τῶν
552 1799 619 1864 τότε
640 1798 803 1880 παρόντων,
821 1794 868 1861 ότε
880 1793 1016 1865 Λυσίθεος
1030 1791 1212 1869 Θεόμνηστον

127 1904 310 1984 selmana
346 1908 505 1974 Sententia
524 1909 683 1974 manifesto
705 1908 780 1973 hacc
801 1906 984 1993 requiritur:
1002 1904 1115 1968 multos
1132 1902 1212 1966 enim

127 2037 243 2096 corum,
279 2022 333 2106 qui
361 2028 436 2086 tunc
459 2020 604 2099 aderant,
628 2043 711 2085 nunc
734 2020 766 2084 in
790 2018 925 2083 iudicum
953 2015 1105 2081 subselliis
1129 2035 1214 2098 prac-

127 2137 222 2194 sentes
248 2132 347 2198 video.
387 2132 447 2198 Sed
459 2133 612 2218 quomodo
628 2133 702 2197 haec
719 2153 788 2197 cum
804 2130 902 2195 verbis
919 2126 1094 2203 conveniat,
1111 2131 1213 2188 tacent

117 2221 316 2325 interpretes.
336 2303 338 2307 ,
363 2241 445 2308 Nam
469 2245 546 2319 ὑμῶν
568 2251 623 2310 τῶν
643 2243 710 2309 τότε
726 2244 871 2323 παρόντων
887 2240 975 2326 iungi
990 2261 1052 2303 non
1068 2242 1196 2323 possunt
1202 2261 1211 2313 3

126 2369 183 2415 non
207 2354 293 2418 enim
316 2353 339 2418 ii
362 2355 415 2438 qni
438 2377 521 2420 nunc
543 2355 659 2420 iudices
684 2354 809 2432 sedent,
834 2360 900 2418 tum
924 2351 1073 2417 affuerant
1096 2370 1210 2414 omnes.

128 2455 201 2525 Mihi
233 2463 450 2548 expellendum
482 2465 603 2530 videtur
633 2467 728 2548 ὑμῶν,
759 2445 796 2528 iit
825 2465 971 2548 iungatur
1001 2461 1126 2531 πολλοὺς
1156 2461 1212 2524 τῶν

128 2569 188 2636 τότε
212 2574 363 2655 παρόντων
386 2578 457 2661 (νῦν)
480 2575 648 2658 δικάζοντας
672 2579 732 2657 όρῶ.
993 2647 999 2654 ,

166 2684 237 2767 bt.
286 2692 403 2767 φαῦλον
427 2689 486 2768 γὰρ
510 2688 597 2754 αὐτὸ
620 2688 670 2754 καὶ
693 2687 801 2760 οὐδενὸς
824 2684 902 2764 ἄξιον
925 2686 1064 2764 ἡγούμην.
1103 2683 1153 2748 Ita
1176 2705 1213 2748 ex

128 2789 263 2882 lhnperii
294 2800 445 2864 sententia
477 2822 560 2864 nunc
591 2822 646 2885 pro
677 2800 765 2865 αὐτόν
792 2798 914 2884 legitur.
961 2797 1073 2883 Aptius
1096 2801 1213 2878 φαῦλος

129 2905 175 2969 καὶ
206 2909 316 2982 οὐδενός
346 2910 425 2988 ἄξιος
457 2912 494 2977 de
525 2911 648 2977 homine
679 2934 772 2998 qnam
803 2911 840 2975 de
871 2933 903 2975 re
933 2910 1094 2987 dicuntur,
1118 2931 1211 2995 quare

127 3015 316 3086 redeundum
343 3031 418 3108 puto
442 3023 480 3088 ad
504 3024 665 3089 lectionem
688 3023 846 3090 librorum.
893 3021 994 3086 Facile
1016 3022 1142 3099 ferrem,
1167 3019 1212 3084 in·

127 3130 208 3211 quit,
235 3135 263 3199 si
285 3157 333 3199 me
356 3141 473 3220 patrem
489 3157 580 3200 suum
594 3135 781 3200 interfecisse
796 3134 1008 3199 criminaretur
1015 3158 1025 3211 ;
1043 3155 1113 3197 eum
1129 3132 1210 3197 enim

128 3261 179 3325 ego
210 3245 363 3311 abiectum
391 3253 422 3310 et
445 3246 702 3312 contemnendum
724 3245 888 3332 putabam,
913 3244 1056 3309 nimirum
1081 3242 1155 3308 dnm
1178 3243 1209 3307 in

128 3352 200 3420 vivis
235 3365 308 3422 erat.
345 3357 392 3422 Of.
426 3357 502 3422 Isae.
536 3362 565 3423 2.
598 3361 658 3423 43:
690 3359 713 3424 εἷ
740 3356 811 3424 οὕτω
834 3364 950 3441 Φαῦνος
974 3357 1041 3421 δοκῶ
1065 3352 1136 3421 εἶναι
1160 3356 1210 3420 καὶ

127 3464 243 3538 μηδενὸς
266 3465 354 3544 ἄξιος.
378 3507 423 3518 -
444 3470 461 3555 b
483 3472 502 3533 3
527 3492 582 3554 pro
605 3468 669 3550 περὶ
693 3476 743 3535 τοῦ
767 3469 876 3551 πατρὸς
897 3470 1114 3550 τιμωρήσασθαι
1138 3491 1210 3532 usus

127 3579 253 3660 requirit
276 3579 344 3658 ὑπὲρ
367 3586 418 3645 τοῦ
441 3605 491 3658 π.,
515 3589 551 3646 ut
576 3585 627 3646 13.
652 3584 692 3644 tl
719 3589 755 3646 et·
773 3585 833 3668 te,
857 3590 888 3646 et
911 3581 993 3646 alibi.

168 3690 184 3773 ξ
210 3691 240 3752 6.
286 3689 335 3754 ἐόν
354 3715 398 3764 τις
418 3689 484 3772 εόπη
502 3673 549 3758 τόν
577 3692 691 3771 ποτέραν
713 3694 912 3758 ἀπεκτονέναι.
959 3691 1032 3756 Iure
1056 3692 1209 3775 hogerius

127 3797 173 3862 ε’όν
205 3801 250 3873 τός
272 3800 324 3866 τιν’
346 3800 424 3883 εἵπη.
471 3801 537 3867 Nee
561 3803 599 3866 ad
623 3803 842 3869 defendendam
866 3804 1021 3889 vulgatam
1049 3803 1210 3868 lectionem

128 3919 340 3997 argumentum
363 3913 426 3997 peti
450 3920 551 3998 potest
575 3936 611 3978 ex
632 3916 650 4000 b
672 3917 711 3978 9:
735 3916 763 3979 ἕν
785 3915 814 3980 δὲ
837 3915 876 3995 τῷ
900 3915 974 3993 νόμῳ
994 3914 1083 3995 εἴρητο
1103 3913 1153 3979 ἐόν
1165 3938 1210 3986 τις

66 4017 80 4114 ἰ
127 4024 229 4105 Φόοκη
259 4025 516 4107 ἀποβεβληκέναι,
549 4025 678 4092 ὑπόδικον
709 4022 794 4101 εἶναι,
827 4047 884 4090 nec
910 4047 947 4090 ex
969 4027 986 4110 b
1011 4027 1069 4103 lt,
1093 4047 1149 4089 nec
1173 4048 1209 4088 ex

128 4136 258 4218 epitome
288 4136 379 4200 huius
410 4137 556 4202 orationis
586 4140 653 4224 (ll)
682 4141 698 4224 b
730 4141 765 4216 6,
797 4137 911 4222 quibus
939 4138 1014 4202 locis
1044 4139 1111 4222 ipsa
1132 4137 1209 4223 legis

128 4245 217 4310 verba
240 4245 415 4311 laudantur.

171 4359 241 4443 bl.
288 4357 472 4423 (lausabitur
502 4360 581 4426 nihil
612 4383 643 4424 se
674 4360 785 4425 dixisse
816 4358 898 4443 quod
930 4360 995 4446 lege
1019 4358 1206 4444 prohibitum

130 4467 184 4548 sit,
215 4492 277 4555 qua
298 4491 360 4535 non
383 4469 582 4533 interdicatur
604 4493 643 4534 ne
666 4472 734 4555 quis
757 4471 856 4535 verbis
879 4472 1055 4536 οὶποκτεόνειν
1082 4470 1130 4534 τὸν
1149 4495 1208 4534 πα-
