3126 5210
828 473 891 532 lot

311 679 357 734 est
374 673 402 755 (q
420 671 483 752 11).
528 667 621 732 Nunc
645 689 715 732 vero
740 675 811 732 aute
834 669 934 734 forum
958 670 1154 735 Polemarchi
1177 692 1284 735 rursus
1308 670 1411 734 adest.

310 782 453 847 Certatur
476 780 514 844 de
537 783 727 862 ἀντιγραφῇ,
751 787 788 843 ut
811 788 938 864 apparet
962 804 999 845 ex
1022 783 1039 866 q
1059 785 1117 845 10:
1143 790 1196 858 τῆς
1214 806 1248 847 τε
1266 783 1412 863 ἀντιγρα-

189 980 192 986 ,
309 899 370 974 Φῆς
398 889 484 957 ἕνεκα
513 891 669 963 ταυτασὶ
700 888 749 954 καὶ
781 892 872 964 αὐτῆς
905 900 958 966 τῆς
991 893 1069 968 δίκης
1104 893 1191 976 (nim.
1224 891 1411 976 principalis

309 1003 437 1067 actionis
460 1001 609 1077 iniuriae,
632 1001 649 1084 q
671 1001 702 1082 2)
726 1006 756 1064 et
773 999 896 1083 quidem
913 1000 1073 1084 aliquanto
1089 1010 1252 1086 postquam
1269 1002 1411 1086 primum

309 1136 402 1178 causa
432 1113 466 1175 in
493 1112 542 1176 ins
571 1110 672 1174 delata
697 1118 760 1186 est;
785 1133 856 1174 nam
880 1133 960 1195 quac
983 1111 1021 1175 de
1047 1111 1215 1177 Nicomede
1238 1119 1411 1176 narrantur

310 1226 337 1309 (q
352 1225 383 1308 9)
400 1223 642 1287 intercesserant.
678 1220 726 1284 De
750 1222 922 1303 ἀντιγραφῇ
947 1222 1009 1285 sive
1026 1231 1215 1304 παραγραφῇ
1239 1223 1277 1287 cf.
1294 1222 1409 1287 Meier.

310 1341 340 1398 et
363 1333 565 1398 Schoemaun.
591 1356 622 1417 p.
648 1334 722 1397 641.

353 1443 400 1506 De
430 1442 523 1506 huius
555 1441 703 1505 orationis
735 1449 859 1505 auctore
890 1441 1070 1507 dubitanter
1094 1443 1234 1529 loquitur
1256 1443 1288 1507 in
1312 1442 1410 1506 Miso.

309 1553 398 1618 Obss.
433 1550 560 1616 Amet-el.
590 1549 625 1613 Τ.
643 1548 717 1614 VH.
749 1573 780 1634 p.
805 1553 868 1614 319
902 1553 948 1614 vir
978 1551 1086 1616 doctus
1115 1551 1227 1636 aliquis
1250 1551 1411 1635 (Debreus

309 1662 578 1727 Hemsterhusium
610 1659 704 1738 dicit,
737 1660 791 1724 sed
823 1661 1014 1745 subscriptae
1049 1670 1122 1726 sunt
1145 1661 1268 1726 litterae
1287 1661 1319 1725 J.
1345 1661 1410 1745 Fa).

267 1809 273 1820 ·
307 1773 459 1856 Equidem
483 1770 632 1856 spondere
656 1771 772 1847 ausim,
797 1771 877 1834 hanc
899 1770 1062 1855 Lysiacam
1086 1794 1167 1849 csse,
1193 1770 1246 1836 sed
1268 1773 1411 1853 autsnou

307 1886 381 1948 satis
404 1884 442 1947 ab
467 1889 590 1946 auctore
614 1887 670 1945 aut
693 1881 766 1945 satis
791 1903 944 1966 superque
965 1881 1003 1946 ab
1024 1882 1093 1946 aliis
1111 1883 1255 1947 relictam.
1287 1879 1411 1945 Rerum

308 1994 493 2057 enarrationi
518 2015 580 2057 non
605 1993 718 2057 desunt
739 1992 860 2056 lumina
883 2015 955 2069 sua;
980 1991 1074 2056 habet
1097 1992 1172 2055 haec
1196 1989 1409 2068 evidentiam,

308 2125 385 2187 quac
418 2102 527 2187 Lysiae
559 2104 681 2187 propria
714 2107 760 2166 est
767 2128 777 2179 3
807 2101 860 2164 sed
892 2101 1023 2166 subinde
1054 2123 1151 2165 nexus
1181 2101 1410 2164 sententiarum

306 2235 369 2277 non
389 2214 541 2297 optimus,
564 2223 593 2277 et
614 2213 703 2298 plena
724 2213 874 2297 expositio
898 2235 1008 2277 causae
1031 2212 1233 2276 desideratur.
1270 2211 1302 2275 si
1326 2211 1410 2276 divi·

306 2324 373 2388 nari
396 2323 486 2401 licet,
511 2324 641 2389 dixerim
665 2314 819 2409 epitomen
842 2346 922 2402 esse,
947 2345 1026 2406 quae
1050 2323 1182 2387 conferri
1206 2323 1305 2407 possit
1329 2344 1407 2386 cum

308 2436 404 2499 altera
427 2434 661 2498 Theomnestea.
708 2434 837 2498 Alienae
869 2456 979 2498 manus
1012 2433 1161 2497 indicium
1183 2439 1257 2496 sunt
1279 2453 1410 2517 quoque

306 2544 397 2609 verba
426 2545 478 2610 καί
504 2569 552 2618 αα
583 2544 714 2620 εἰιίιιαβε
746 2544 780 2608 τὸ
809 2543 894 2624 ὕδωρ,
919 2544 1054 2627 quaein
1078 2543 1188 2627 Lysiae
1212 2540 1407 2606 orationibus

193 2660 198 2667 ’
304 2654 380 2718 alibi
410 2656 461 2718 vix
491 2654 695 2718 inveniuntur
726 2661 756 2717 et
787 2675 850 2716 non
875 2659 947 2737 apta
971 2660 1044 2716 sunt
1068 2652 1211 2717 brevitati
1233 2652 1342 2729 buius,
1371 2652 1406 2715 in

304 2787 365 2850 qua
388 2764 502 2828 oranda
525 2787 588 2828 nou
612 2763 779 2828 verendum
804 2771 869 2828 erat
891 2787 930 2827 ue
955 2772 1077 2848 tempus
1101 2763 1228 2828 deesset.

630 2999 722 3044 XXIV.
753 3007 824 3045 THE?
846 3006 900 3045 '1‘0‘1'
920 3005 1081 3046 attuatos.

347 3202 364 3285 q
389 3203 418 3264 l.
454 3201 601 3282 πρόφασιν
621 3204 670 3282 ἐφ’
683 3199 715 3275 ἧς
733 3208 784 3266 τοῦ
800 3202 865 3278 βίον
885 3202 971 3278 λόγον
987 3202 1068 3276 δοίην.
1100 3200 1199 3276 Usus,
1215 3200 1275 3263 nisi
1292 3199 1402 3279 fallor,

303 3309 441 3397 postulat
463 3310 512 3390 ἐφ’
535 3307 563 3390 ᾖ.

347 3422 416 3504 qt.
462 3421 572 3491 τούτοις
599 3421 699 3500 φθονεῖ
726 3419 772 3492 οὓς
797 3423 821 3486 cl
844 3419 929 3486 attan
954 3423 1074 3487 ἐλεοῦσι.
1122 3419 1325 3484 Attractiouis
1349 3443 1405 3484 ne·

301 3530 418 3614 glectae
447 3530 586 3614 exempla
618 3530 710 3594 allata
742 3538 817 3595 sunt
849 3554 866 3594 a
898 3530 1075 3616 Kruegcro,
1111 3529 1224 3614 quibus
1248 3528 1405 3613 quaedam

303 3639 408 3704 addidi
431 3639 579 3723 (Gramm.
595 3642 612 3725 q
628 3643 680 3704 51.
700 3641 737 3706 A.
756 3643 820 3725 44).
855 3641 936 3705 Add.
958 3663 1050 3726 porro
1066 3640 1147 3705 Xon.
1164 3639 1248 3703 Hell.
1266 3638 1292 3702 I.
1312 3640 1341 3702 5.
1359 3641 1402 3717 3,

301 3747 434 3833 Lycurg.
450 3752 467 3835 q
486 3752 558 3826 127,
575 3749 656 3814 Plat.
674 3749 765 3835 prl.
783 3749 828 3814 H.
847 3753 922 3836 366.
940 3751 985 3829 Ε,
1004 3750 1092 3814 Dem.
1110 3753 1141 3814 4.
1161 3751 1191 3813 6.
1209 3756 1239 3813 et
1256 3751 1308 3812 28.
1324 3751 1402 3815 158.

301 3859 372 3944 Lys
400 3862 451 3925 14.
476 3862 536 3923 40:
561 3865 617 3924 τῶι
639 3857 724 3943 ὅρκων
748 3858 800 3932 ode
819 3861 965 3938 ὠμόσατε.
1002 3861 1118 3925 Contra
1145 3864 1184 3924 10
1211 3858 1267 3923 sub
1292 3859 1313 3922 f.
1338 3870 1403 3933 τοῖς

301 3969 386 4049 ὅρκοις
409 3965 448 4041 οἷς
472 3970 648 4048 ὀμωμόκατε
671 3978 702 4035 et
725 3975 778 4035 31.
804 3974 823 4033 2
847 3979 907 4044 τοῖς
932 3971 1035 4051 ὅρκοις,
1060 3967 1099 4044 οἷς
1123 3972 1224 4050 olum
1247 3968 1398 4055 (Lobeck.

303 4077 340 4142 ad
359 4079 408 4142 ai.
427 4100 456 4162 p.
475 4080 561 4162 2⁷3).
597 4079 723 4143 Nullam
748 4081 836 4144 video
861 4103 1002 4158 causam,
1028 4103 1122 4166 quare
1144 4080 1253 4164 Lysias
1275 4087 1335 4153 ταῖς
1356 4079 1402 4162 ὅρ-

302 4212 358 4259 κοις
366 4237 376 4270 ,
396 4184 436 4260 οἷς
453 4187 602 4266 dedisset,
622 4212 684 4254 non
706 4213 777 4254 vero
803 4197 858 4256 τῶν
874 4189 958 4272 ὅρκων
973 4188 1026 4266 ὧν,
1042 4213 1098 4255 nec
1114 4212 1209 4274 quare
1224 4187 1270 4262 οὓς
1287 4192 1402 4255 ἐλεοῦσι

302 4299 405 4383 potius
429 4321 521 4383 quam
544 4295 593 4373 οἷς.
640 4300 700 4365 Sed
723 4303 739 4386 q
763 4304 782 4362 6
807 4301 959 4366 sententia
981 4302 1100 4386 flagitat
1124 4310 1160 4366 ut
1183 4307 1289 4366 contra
1308 4297 1400 4364 MSS.

303 4409 415 4472 omissa
445 4409 627 4474 attractione
655 4409 848 4494 legatariis,
874 4412 1019 4494 quoniam
1042 4410 1213 4476 membrum
1236 4406 1401 4472 relativum
