3126 5210
831 475 895 535 204

316 667 437 745 abesse3
463 665 590 730 offendit
615 689 703 750 porro
727 670 951 752 argumentatio
974 673 991 754 b
1019 674 1037 732 9
1061 669 1111 752 (cf.
1137 672 1259 753 supra);
1285 670 1415 733 demon-

317 777 424 839 stratio
444 776 656 861 perturbatab
680 781 719 840 lt
740 785 770 841 et
790 801 834 862 sq.
863 779 1005 862 Denique
1029 779 1148 863 egregia
1173 786 1246 841 sunt
1269 801 1350 862 quae
1376 779 1417 842 de

317 886 494 970 demagogis
525 888 542 970 b
572 888 610 948 ll
637 894 667 949 et
693 889 732 948 12
755 887 910 965 dicuntur,
936 887 989 951 sed
1013 888 1061 951 his
1085 887 1197 951 similia
1220 887 1312 951 etiarn
1336 888 1418 952 alibi

317 997 526 1074 inveniuntur,
553 995 634 1059 unde
656 1019 712 1060 sua
731 1003 838 1060 auctor
861 997 995 1061 mutuari
1016 997 1129 1080 potuit.
1162 996 1307 1074 Accedit,
1325 997 1417 1081 quod

316 1105 469 1169 accusatio
493 1113 556 1168 tam
579 1111 625 1169 est
648 1106 770 1168 infinita
793 1113 823 1169 et
847 1114 910 1170 tam
933 1127 1031 1190 pauca
1058 1106 1139 1170 faeta
1159 1106 1311 1183 continet,
1333 1106 1417 1170 adeo

316 1222 396 1279 errat
409 1223 439 1278 et
462 1223 592 1299 vagatur
606 1216 687 1280 inter
702 1223 859 1280 accusatos
876 1225 907 1280 et
922 1217 1113 1304 defensores,
1135 1237 1266 1299 quorum
1285 1217 1417 1300 utrique

315 1325 496 1409 pronomine
520 1322 601 1397 οὗτος
633 1326 855 1410 significantur,
880 1333 916 1388 ut
939 1348 1049 1410 parum
1072 1325 1201 1409 limpida
1224 1326 1282 1403 sit,
1309 1348 1417 1409 neque

318 1435 502 1498 evidentiam
536 1435 672 1502 veritatis
707 1435 834 1513 habeat,
868 1444 899 1499 et
932 1435 1011 1498 nibil
1046 1434 1210 1519 impediat,
1246 1435 1417 1518 quominus

316 1543 416 1608 fictam
447 1551 599 1630 putemus.
647 1545 810 1631 Suspicor,
847 1568 923 1630 opus
952 1567 1017 1609 esse
1049 1544 1248 1610 subditicium
1280 1544 1416 1609 rhetoris

316 1653 478 1716 cuiusdam
501 1676 564 1718 non
587 1655 729 1738 pessimi,
755 1657 810 1740 qui
833 1655 967 1719 flosculis
992 1677 1027 1718 ex
1048 1653 1140 1739 Lysia
1157 1662 1188 1718 et
1203 1653 1417 1718 Demosthene

316 1762 466 1846 decerptis
494 1761 746 1829 declamationem
775 1765 855 1829 hanc
887 1765 1049 1829 ornaverit.
1097 1764 1147 1827 Ad
1169 1763 1279 1848 Lysiae
1302 1765 1418 1827 oratio-

315 1894 384 1936 nem
412 1873 445 1935 in
468 1871 644 1955 Epicratem
668 1873 778 1955 (Bekk.
804 1873 941 1938 Anecdd.
967 1897 996 1959 p.
1025 1875 1097 1936 103.
1126 1876 1182 1936 ll:
1206 1871 1413 1948 κσσσιδνῶξσνν·

315 1982 430 2052 Λυσίας
464 1980 533 2044 κατ’
568 1980 779 2060 Ἐπικράτους,
813 2004 876 2046 non
908 1982 1023 2046 lectum
1049 1983 1083 2045 in
1105 1989 1210 2045 nostra
1233 1981 1413 2070 Epicrates)

316 2090 543 2154 exercitationis
572 2112 664 2154 causa
691 2091 846 2176 epilogum
877 2093 960 2156 hunc
992 2092 1114 2176 scripsit
1144 2091 1177 2156 in
1208 2091 1415 2177 demagogos,

316 2197 468 2283 Epicratis
500 2198 636 2278 sodales,
670 2202 723 2284 qui
746 2224 830 2265 nunc
854 2224 923 2266 eum
948 2201 1174 2266 defendendum
1199 2209 1411 2286 susceperant.

360 2309 526 2395 Inscriptio
555 2311 622 2394 ipsa
644 2310 812 2395 Epilogum
836 2334 901 2377 esse
925 2311 1030 2376 docet:
1055 2311 1123 2377 κατ’
1146 2311 1337 2391 Ἐπικράτους
1360 2312 1414 2375 καὶ

315 2425 371 2484 τῶν
399 2420 662 2502 συμπρεσβευτῶν,
694 2421 830 2498 ἐπίλογος
852 2423 888 2492 ὥς
913 2420 1063 2501 &sobaros
1110 2420 1149 2484 In
1173 2443 1234 2505 qua
1256 2428 1416 2504 postrema

316 2529 375 2592 tria
405 2529 496 2593 verba
529 2551 547 2591 a
578 2529 703 2611 reliquis
736 2528 920 2614 separanda:
943 2529 1146 2607 ,secundum
1169 2529 1322 2593 Theodori
1345 2551 1415 2593 sen-

317 2637 445 2702 tentiam
476 2638 646 2723 epilogus.”
691 2638 887 2703 Theodorum
918 2639 1068 2723 'Paylorus
1099 2638 1252 2722 intellegit
1275 2646 1329 2702 aut
1352 2639 1415 2723 By·

316 2749 474 2812 zantinum
504 2771 521 2810 a
552 2747 679 2813 Platone
711 2757 741 2812 et
773 2748 922 2832 Dionysio
954 2748 1055 2812 Halic.
1089 2757 1291 2812 memoratum
1314 2749 1413 2832 (quod

316 2858 442 2923 minime
466 2859 633 2944 probabile)
659 2865 713 2922 aut
736 2858 948 2936 Gadarenum,
973 2858 1089 2922 Tiberii
1113 2858 1281 2942 aequalem.
1329 2855 1412 2920 Con-

316 2967 397 3031 didit
428 2967 478 3031 hio
508 2974 621 3031 sectam
645 2968 800 3052 quandam
823 2969 998 3045 rhetorum,
1024 2969 1077 3051 qui
1101 2991 1119 3032 a
1141 2968 1288 3051 magistro
1312 2965 1411 3029 Theo·

316 3077 400 3141 dorei
430 3077 680 3162 appellabantur,
706 3078 819 3161 quibus
843 3079 978 3163 oppositi
1001 3085 1088 3142 erant
1114 3076 1322 3162 Apollodorei.
1360 3072 1410 3138 Of.

317 3185 444 3267 Quinct.
476 3185 539 3250 ΙΠ.
571 3188 598 3250 l.
627 3189 677 3252 17.
724 3186 763 3250 In
793 3186 880 3251 libris
912 3196 1014 3251 tamen
1045 3187 1129 3264 eius,
1165 3208 1243 3271 quos
1274 3192 1413 3248 recenset

320 3296 431 3360 Suidas
462 3297 482 3360 i.
513 3319 559 3374 v.,
592 3296 699 3360 nullus
730 3306 793 3376 est,
817 3299 935 3381 inquo
963 3296 1001 3361 de
1025 3297 1083 3360 hoc
1106 3303 1285 3382 argumento
1309 3301 1413 3357 actum

316 3406 430 3469 credas.
478 3406 623 3484 Diodori,
648 3406 785 3471 Polionis
810 3407 868 3490 (vel
892 3407 1055 3488 Pollionis)
1079 3405 1135 3469 filii
1155 3405 1208 3489 qui
1230 3404 1334 3468 floruit
1349 3404 1409 3468 sub

317 3515 475 3579 Hadriano
498 3515 713 3594 distractores
736 3517 913 3598 ζητουμένων
936 3518 1019 3596 παρὰ
1042 3524 1102 3588 τοῖς
1119 3515 1190 3580 δέκα
1205 3517 1329 3598 ῥήτορσιν
1345 3515 1412 3578 lau·

317 3626 371 3689 dat
400 3624 510 3688 Suidas
541 3649 569 3690 v.
601 3628 731 3692 Πωλίων.
777 3627 837 3691 Sed
868 3635 1084 3712 argumentum
1115 3626 1173 3691 hoc
1203 3647 1267 3689 non
1297 3632 1345 3688 est
1366 3626 1412 3688 ita

318 3735 528 3812 reconditum,
558 3736 633 3819 quin
658 3759 676 3800 a
699 3736 838 3820 pluribus
863 3737 1068 3821 grammaticis
1091 3735 1176 3821 tangi
1201 3735 1351 3821 potuerit,
1375 3742 1412 3798 ut

318 3845 481 3910 ternarium
505 3845 580 3909 adeo
604 3846 751 3924 rideatur,
777 3869 872 3930 quum
894 3854 957 3911 tam
973 3847 1081 3930 ingens
1097 3867 1241 3910 numerus
1258 3845 1298 3908 sit
1313 3843 1411 3908 Theo·

319 3955 463 4020 dororum
477 3956 536 4040 .(ci.
560 3957 668 4042 Pauly,
693 3957 885 4042 ideal-Eue),
910 3958 1062 4022 Diodoros
1086 3979 1244 4022 arcessere.

363 4064 586 4143 Nicomachea,
612 4067 638 4130 si
661 4089 824 4151 sequamur
840 4067 1114 4153 Harpocrationem
1131 4089 1159 4130 v.
1177 4066 1318 4143 ἕσσβσλή,
1340 4065 1412 4128 sub·

318 4177 412 4241 lestae
435 4183 514 4240 esset
537 4176 625 4254 fidei;
650 4177 732 4241 unde
756 4183 945 4261 sequeretur,
971 4184 1007 4241 ut
1030 4183 1135 4240 nostra
1157 4176 1254 4240 oratio
1278 4197 1315 4238 ex
1334 4173 1411 4238 falsa

318 4293 398 4351 esset
429 4287 700 4366 πνρσισεσσννμένν.
747 4287 807 4351 Sed
834 4309 943 4372 operae
971 4287 1105 4372 pretium
1127 4285 1166 4350 de
1191 4309 1226 4350 ea
1248 4286 1341 4372 paulo
1365 4307 1412 4348 ac·

319 4395 454 4460 curatius
478 4397 642 4480 inquirere.
