3126 5210
827 480 890 540 184

315 677 384 740 6611.
415 677 448 760 §p
479 679 516 752 3,
551 679 609 753 10,
639 679 679 739 23
705 676 784 739 hanc
808 677 975 740 orationem
999 676 1032 738 in
1055 675 1210 756 δοκιμασία
1233 675 1331 738 fuisse
1354 675 1411 737 ha·

313 787 428 864 bitom,
453 791 483 848 et
507 793 697 849 accusatores
721 786 870 870 prodiisse
894 807 945 848 eos
968 786 1072 870 ipseo,
1098 806 1230 868 quorum
1245 783 1412 868 impuden-

314 898 389 960 tiam
421 897 453 958 in
483 902 550 960 tota
572 896 758 960 democratia
780 899 796 980 d
820 898 861 957 25
887 918 951 979 sqq.
977 896 1165 979 perstringat
1188 900 1307 958 orator:
1332 893 1412 978 Epi-

315 1028 441 1088 genem,
474 1005 723 1088 Demophanem,
756 1004 956 1068 Clisthenem.
1004 1003 1134 1067 Omissis
1166 1004 1247 1068 enim
1274 1002 1411 1087 reliquo-

315 1137 384 1178 rum
407 1113 646 1196 demagogorum
670 1113 862 1188 nominibus,
883 1112 939 1175 hos
965 1112 1045 1176 solos
1060 1113 1247 1189 insectatur,
1265 1111 1410 1195 quamvis

315 1223 436 1287 obscuri
459 1223 636 1304 ceteroquin
661 1229 771 1286 essent.
819 1220 901 1284 Nam
925 1220 962 1285 de
986 1220 1145 1285 Clisthene
1167 1227 1290 1284 tantum
1306 1218 1411 1302 possit

315 1332 429 1416 ambigi
448 1333 526 1395 sitne
549 1331 683 1394 famosus
708 1331 760 1394 ille
783 1330 946 1414 pathicus,
970 1353 1061 1414 quem
1083 1330 1204 1415 saepius
1221 1329 1412 1415 perstringat

317 1442 538 1526 Aristophanes
562 1441 634 1524 (iam
657 1441 689 1504 in
713 1440 846 1503 Achern.
873 1442 953 1516 118;
974 1440 1011 1503 cl.
1030 1439 1136 1503 Oratin
1153 1441 1189 1502 fr.
1211 1441 1291 1517 193,
1309 1437 1409 1501 schol.

317 1555 370 1614 Ar.
403 1549 479 1613 Rau.
505 1551 579 1634 18),
604 1549 756 1633 Epigenes
781 1555 860 1612 certe
884 1556 915 1613 et
938 1549 1153 1632 Demophanes
1177 1548 1285 1632 ignoti.
1311 1547 1412 1610 Pecu-

317 1660 401 1724 liaris
424 1660 520 1742 igitur
542 1680 635 1722 causa
657 1659 751 1722 tuisse
775 1657 914 1735 videtur,
939 1680 994 1721 cur
1017 1657 1073 1721 hos
1097 1658 1293 1742 potissimum
1317 1655 1411 1739 elige·

319 1775 373 1833 ret.
409 1767 519 1850 Itaque
543 1789 621 1851 quae
642 1768 659 1850 d
683 1769 723 1830 29
748 1766 911 1850 leguntur:
935 1761 975 1838 οἷς
998 1768 1080 1843 ὑμεῖς
1097 1766 1173 1830 πολὺ
1189 1765 1410 1845 ανδνκανότερνν

319 1876 474 1941 πιστεύοντ’
505 1876 521 1950 ἢ
552 1875 678 1958 ταύτας,
706 1869 731 1938 οἳ
753 1875 915 1957 φεύγοντες
939 1875 993 1952 μὲν
1018 1875 1089 1957 (sub
1113 1875 1217 1958 XXX)
1237 1876 1277 1940 δι’
1298 1874 1410 1954 ἑτέρους

318 1985 480 2060 ἐσώθησαν,
516 1981 753 2054 κατελθόντες
790 1984 824 2046 δὲ
859 1989 1104 2062 συκοφαντεῖν
1141 1986 1408 2065 ἐπιχειροῦσιν,

319 2093 441 2158 eosdem
463 2094 532 2157 illos
556 2094 653 2170 viros,
679 2093 772 2178 paulo
796 2099 866 2157 ante
890 2095 1202 2178 (125)(116111616166,
1220 2114 1411 2157 nuncaocu-

318 2212 433 2267 satores
455 2204 604 2287 respicere
626 2202 779 2267 videntur.

362 2313 434 2377 Iure
464 2313 624 2390 Reiskius,
657 2313 810 2390 defensi0‚
840 2314 960 2398 inquit,
985 2313 1123 2398 egregia,
1149 2312 1325 2390 luculente,
1350 2312 1411 2397 Ly-

320 2424 383 2486 siae
413 2422 537 2486 nomine
561 2421 749 2506 dignissima.
796 2422 918 2486 Dobreo
943 2421 1104 2486 videbatur
1127 2422 1202 2485 haec
1225 2423 1323 2486 oratio
1347 2444 1412 2486 om·

318 2534 405 2596 nium
437 2532 634 2617 Lysiacarum
666 2533 790 2616 optima.
838 2531 893 2610 „Si
924 2533 1062 2616 scripsit,
1095 2532 1181 2596 addit
1204 2531 1305 2610 idem,
1329 2532 1410 2598 male

320 2642 380 2720 „de
404 2664 435 2704 sc
458 2640 566 2725 Lysias
589 2641 755 2719 iudicavit,
780 2641 835 2725 qui
858 2649 950 2706 tenue
974 2664 1071 2726 genus
1095 2647 1290 2728 sequeretur,
1313 2664 1410 2726 quum

319 2750 465 2836 „grandis
490 2757 522 2813 et
544 2751 687 2834 copiosus
710 2773 774 2814 esse
797 2758 922 2834 posset·
957 2751 1060 2815 Pauca
1084 2759 1172 2830 sunt,
1190 2774 1267 2836 quae
1284 2750 1410 2834 quidem

319 2859 444 2938 „adhuc
467 2861 611 2944 legerim,
636 2861 693 2925 hoc
709 2861 879 2944 fragmento
896 2861 1138 2944 splendidiora.''
1161 2861 1223 2926 Vix
1237 2868 1314 2946 puto
1331 2860 1410 2925 serio

320 2970 357 3034 (16
381 2977 504 3034 auctore
520 2970 662 3035 dubitare
677 2970 851 3049 Dobreum‚
868 2993 940 3034 nam
956 2971 1029 3036 alibi
1045 2993 1168 3056 quoque
1185 2970 1296 3055 Lysiae
1313 2971 1411 3034 oratio

319 3071 451 3164 insurgit
471 3102 640 3164 nervosque
656 3081 765 3159 habet,
784 3088 820 3144 ut
837 3081 870 3145 in
886 3104 929 3145 or.
942 3085 1056 3146 61661616
1071 3082 1151 3166 (adv.
1160 3081 1410 3164 Theomnestum)

321 3199 351 3254 61
382 3192 555 3254 duodecimo
578 3189 627 3272 (de
651 3188 743 3253 caede
766 3189 952 3274 Eratosth.);
977 3190 1015 3256 de
1040 3214 1101 3276 quo
1125 3191 1279 3254 verissime
1303 3191 1410 3255 Cicero

319 3299 444 3362 iudicat.
492 3297 530 3360 In
569 3298 697 3381 reliquis
728 3307 831 3364 autem
862 3301 1003 3365 Dobreus
1034 3308 1064 3365 et
1096 3300 1333 3365 Rauchenstein.
1368 3301 1411 3384 (in

320 3408 487 3492 prooemio)
519 3430 567 3471 me
598 3408 829 3473 dissentientem
860 3432 923 3474 non
946 3410 1113 3475 habebunt.
1161 3410 1295 3473 Tantum
1319 3409 1412 3474 velim

321 3517 456 3594 attendi,
484 3518 510 3580 si
538 3540 656 3582 summa
676 3498 726 3583 ¹ars
750 3520 790 3582 sit
813 3527 909 3584 artem
932 3521 1189 3597 dissimulavisse,
1215 3541 1336 3583 summa
1358 3521 1409 3584 hic

321 3626 417 3690 videri
442 3631 640 3690 consecutum
663 3635 831 3708 oratorem,
857 3631 911 3714 qui
935 3630 1021 3694 nullo
1045 3637 1156 3693 ornatu
1172 3629 1410 3707 sententiarum,

321 3735 414 3799 nullis
437 3735 597 3799 lenociniis
622 3739 801 3817 verborum,
831 3739 916 3803 nulla
940 3739 1044 3823 inepta
1068 3739 1331 3803 commiseratione
1355 3761 1410 3802 nos

321 3855 385 3907 tam
415 3844 507 3929 longo
537 3848 681 3931 temporis
704 3849 865 3912 intervallo
889 3849 1017 3933 abipso
1041 3855 1196 3932 separatos
1220 3854 1283 3912 tam
1305 3855 1412 3932 poten·

322 3960 368 4016 ter
390 3953 487 4036 possit
511 3976 708 4020 commovere.

367 4061 480 4126 Rerum
505 4062 664 4148 dispositio
689 4067 855 4131 admodum
879 4069 1007 4152 simplex
1030 4074 1085 4131 est.
1118 4068 1320 4134 Accusatores
1340 4070 1393 4134 isti

321 4173 440 4256 inquit,
473 4183 656 4258 exaggerant
684 4176 795 4242 delicta
820 4199 942 4254 eorum,
974 4178 1028 4260 qui
1051 4176 1108 4240 sub
1132 4177 1259 4261 triginta
1282 4179 1356 4242 viris
1379 4179 1411 4242 in

322 4282 397 4346 urbe
428 4295 648 4352 remanserunt.
697 4287 847 4373 Equidem
879 4296 915 4352 ut
945 4288 1069 4353 nullum
1091 4288 1168 4351 mihi
1192 4309 1300 4372 arrogo
1323 4289 1412 4353 bene·

325 4393 428 4457 ficium
450 4395 484 4458 in
508 4419 560 4460 vos
585 4397 749 4476 collatum,
775 4399 817 4462 ita
840 4399 898 4462 hoc
922 4407 1011 4485 pete,
1036 4408 1072 4462 ut
1095 4398 1175 4463 nihil
1192 4398 1294 4462 videar
1310 4399 1342 4463 in
1358 4421 1410 4463 vos
