3126 5210
745 510 809 570 999

222 717 272 773 est
296 711 330 774 in
353 706 408 770 tali
431 730 462 770 re
486 705 687 771 πολλοστὸν
711 705 794 786 μέρος
818 712 947 784 φοινήνοιι
971 705 1012 768 τὸν
1035 706 1183 784 χρήμοοπιι
1206 713 1258 778 τής
1283 704 1325 768 ὸό·

222 822 277 896 ξης
302 827 338 883 ut
365 823 415 882 19.
440 822 481 882 39
506 817 667 882 πολλοστὸν
690 815 774 896 μέρος
798 811 830 890 ἦν
854 815 895 880 τὸν
918 817 1048 894 χρήμοιό
1072 811 1107 878 ὧν
1128 815 1210 892 ὑμεῖς
1228 837 1324 894 προςε-

222 933 340 996 ὸοκῖιτε.
377 930 424 995 Ib.
453 933 495 993 34
520 931 566 994 aa
589 929 669 994 τοῦτ’
695 926 802 1004 ήξιοῦτ’
826 925 861 992 ὸὸν
885 965 929 976 -
952 927 1018 997 τοὺς
1039 927 1230 1006 προσήκοντος
1248 929 1322 990 οὶπο-

222 1043 329 1124 λέσιιι,
354 1039 396 1105 ότι
418 1042 480 1105 οὐδὲ
507 1038 667 1104 πολλοστὸν
690 1039 773 1116 μέρος
796 1046 849 1112 τής
870 1035 952 1112 ὸόὲης
972 1043 1025 1110 τής
1046 1039 1115 1116 παρ’
1138 1037 1206 1114 ὑμῖν
1223 1021 1319 1118 έφοὸνη

222 1157 266 1219 τὸι
285 1155 441 1234 χρήμοιποο.
467 1152 514 1217 Ib.
532 1154 586 1215 49.
611 1150 772 1216 πολλοστὸν
794 1151 877 1230 μέρος
898 1149 939 1213 τιὸ
959 1151 1134 1231 Νικοφήμου
1153 1155 1209 1212 τῶν
1230 1149 1318 1213 Κόνω·

222 1288 269 1336 νος
296 1263 457 1344 χρημάτων
483 1264 556 1346 ᾠήόη
581 1259 721 1326 develaret.
769 1261 815 1324 Of.
842 1261 932 1324 etiam
960 1263 1010 1323 14.
1037 1261 1077 1322 29
1104 1266 1135 1322 et
1158 1261 1210 1322 46.
1259 1258 1318 1322 Hie

222 1398 348 1460 quoque
368 1384 474 1459 aptum
495 1383 574 1438 esset
594 1373 655 1438 οὐδὲ
675 1373 836 1437 πολλοστὸν
857 1371 939 1449 μέρος
955 1371 1115 1448 Φοιόνετκι,
1134 1368 1216 1434 unde
1232 1370 1320 1433 omis·

221 1487 266 1549 sis
298 1486 415 1570 aliquot
444 1485 555 1548 litteris
587 1485 659 1568 (οὐδὲ
691 1499 814 1548 πολ...
846 1481 1001 1565 φοιόνεπιοι)
1031 1480 1159 1544 existere
1185 1481 1319 1564 potuisse

221 1596 398 1680 vulgatam,
419 1618 508 1660 nemo
534 1595 668 1680 negabit.
716 1593 748 1657 Si
777 1593 855 1657 nihil
880 1591 978 1655 voluit
1002 1591 1061 1655 nisi
1085 1590 1163 1654 nihil
1189 1613 1318 1674 usquam

220 1729 382 1793 apparere,
408 1709 580 1792 scripsisset
603 1707 678 1771 οὐὸὲν
701 1707 828 1782 οὐὸοιμοῦ
852 1705 1003 1786 φιοόνετιιι.

266 1820 283 1902 b
306 1823 336 1883 3.
371 1823 402 1885 οὐ
421 1826 476 1884 τῶν
495 1823 549 1897 μέν
566 1821 708 1898 ὑμετέροιν
725 1821 860 1893 πωλητήν
882 1815 1034 1900 (Dobreus
1059 1822 1147 1878 acute
1164 1835 1218 1898 pro
1235 1828 1315 1879 πολι-

218 1933 289 2014 τῶν)
321 1932 407 1996 οιύτὸν
438 1929 590 2011 έξήχιιγε,
623 1937 677 1995 τῶν
706 1927 729 1994 δ’
751 1931 840 1994 οιὺτοῦ
863 1928 1025 2008 χρημάτων
1048 1926 1162 2002 τοομόοιν
1185 1926 1317 2003 irratam

217 2040 355 2119 „Secum
378 2065 449 2105 eum
473 2041 602 2105 abduxit
625 2042 658 2105 in
681 2040 925 2127 expeditionem,
948 2039 1048 2122 speeie
1072 2038 1197 2122 quidem
1218 2047 1254 2102 ut
1272 2062 1318 2104 ve·

218 2161 308 2232 „stra
339 2152 494 2237 (praedam
526 2165 601 2238 puta
633 2161 686 2216 aut
722 2153 802 2216 bona
826 2151 983 2236 publicata
1004 2152 1038 2214 in
1062 2150 1152 2213 sociis
1177 2149 1317 2236 urbibus)

219 2264 408 2344 ,‚venderet,
438 2288 470 2329 re
497 2287 569 2328 vera
600 2273 700 2328 autem
732 2273 766 2328 ut
797 2286 867 2326 suas
897 2262 1085 2347 (Polystrati)
1115 2284 1162 2325 res
1191 2261 1318 2326 admini-

218 2375 387 2452 „straret”
445 2375 495 2439 lta
525 2377 551 2437 si
585 2374 674 2439 verba
705 2374 896 2459 explicentur
927 2373 1114 2436 dubitationi
1146 2373 1317 2436 occurritur
1406 2365 1408 2368 ¹

220 2486 318 2564 Beki,
354 2486 456 2550 Schol.
479 2485 561 2570 Hyp.
579 2484 622 2549 Π.
641 2509 669 2569 p.
690 2489 770 2560 941,
796 2485 1000 2548 existimantis
1023 2505 1134 2548 nomen
1158 2485 1316 2568 magistra·

220 2603 273 2660 tus
298 2597 459 2680 (πωλητής)
485 2619 545 2659 non
572 2597 635 2680 pati
659 2597 845 2680 genitivum,
876 2595 959 2679 quod
980 2595 1103 2659 Poletae
1131 2594 1162 2658 hi
1186 2594 1223 2659 ab
1248 2596 1315 2659 aliis

219 2705 358 2770 eiusdem
381 2708 514 2770 nominis
547 2729 608 2771 nou
638 2709 700 2772 sint
731 2708 953 2791 distinguendi.
990 2710 1033 2770 At
1064 2708 1217 2792 oppositio
1242 2708 1315 2772 satis

217 2817 309 2881 illum
332 2819 502 2902 genitivum
523 2818 669 2882 defendit.
699 2819 839 2883 Dobreus
857 2841 942 2883 suam
960 2817 1204 2883 emendationem
1221 2833 1335 2893 πωλη-·

216 2932 272 3004 τήν
295 2931 464 3008 revooavit,
489 2953 593 2994 verum
618 2954 682 2994 esse
706 2931 846 2995 iudicans
870 2933 1014 3010 ποριστήν.
1062 2930 1095 2994 Si
1109 2930 1265 3007 Poristae,
1279 2936 1315 2994 ut

217 3039 313 3124 vulgo
336 3047 467 3124 putant,
493 3047 566 3104 sunt
590 3041 805 3126 magistratus,
830 3042 885 3127 qui
907 3063 987 3105 nova
1010 3041 1173 3105 inveniunt
1198 3041 1316 3105 tributa

216 3150 327 3234 (Bekk.
349 3151 486 3214 Aneodd.
513 3175 542 3235 p.
561 3155 636 3216 294.
659 3155 715 3215 19:
741 3153 876 3234 ποριστοοέ
898 3153 966 3216 εἰσιν
989 3152 1069 3231 οὸρχή
1087 3177 1130 3224 τις
1144 3152 1311 3227 Ἀθήνησιν,

217 3260 280 3336 ήτις
311 3263 410 3342 πόρους
435 3261 558 3345 ἐζήτει),
583 3263 660 3327 mira
682 3264 827 3327 iunctura
850 3272 896 3327 est
918 3268 974 3327 τῶν
996 3262 1139 3341 ὑμετέρων
1163 3285 1196 3325 π.
1244 3261 1311 3326 Neo

217 3372 379 3436 offensioni
403 3381 462 3450 est,
488 3371 570 3457 quod
596 3373 668 3438 alibi
692 3373 832 3437 Poletam
856 3375 888 3438 in
912 3373 1028 3438 bellum
1051 3374 1230 3438 comitatum
1247 3395 1312 3437 esse

217 3483 311 3546 duces
335 3505 398 3546 non
421 3483 560 3568 legimus.

262 3596 332 3678 bd.
378 3595 576 3659 extrudenda
602 3597 626 3659 εἰ
650 3597 674 3658 οἱ
697 3596 750 3672 μὲν
774 3595 830 3668 τοὸς
850 3596 948 3667 adalae
968 3595 1088 3676 ἔχοντες
1107 3599 1312 3676 όλοφνροῡντοιι

216 3711 469 3785 τριηραρχοῦντες,
501 3703 581 3778 οὗτος
612 3706 726 3771 ὸόὐὸὸν
750 3707 881 3787 πρότερον
907 3706 1080 3784 κεκτημένος
1104 3709 1132 3770 έν
1156 3707 1249 3788 ἐκείνῳ
1271 3711 1311 3788 τῷ

216 3813 308 3896 χρόνῳ
335 3817 482 3892 ἐθελοντής
513 3816 623 3892 ὑπέστη
656 3819 767 3893 τοιότην
789 3821 843 3894 τήν
864 3820 1057 3900 λειτονρχέοιν.
1104 3818 1189 3882 Haeo
1212 3820 1313 3903 negle-

216 3935 323 4010 genter
351 3928 521 3991 enunciata.
569 3928 727 3992 Sententia
750 3929 825 3993 haee
848 3930 1032 4014 requiritur:
1061 3929 1241 4025 indignum,
1266 3932 1310 4008 si,

218 4059 312 4121 quum
345 4037 455 4102 divites
487 4039 553 4102 iure
584 4049 750 4124 graventur
780 4041 956 4126 liturgiam,
982 4041 1028 4105 illi
1052 4064 1228 4105 conoessum
1253 4042 1309 4119 sit,

217 4155 253 4212 ut
276 4156 422 4233 tanquam
439 4150 665 4216 immunitatem
683 4160 791 4237 sponte
809 4155 986 4237 susciperet.
1012 4152 1085 4216 Non
1102 4153 1185 4237 quod
1202 4161 1310 4238 sponte

217 4260 404 4344 suscipiebat
427 4284 480 4346 per
503 4285 535 4325 se
558 4263 721 4347 indignum
741 4272 822 4342 erat,
848 4264 901 4328 sed
925 4264 1008 4348 quod
1033 4265 1076 4327 sio
1096 4269 1196 4348 poturi
1218 4265 1310 4329 susei-

217 4393 304 4454 pere,
330 4372 413 4456 quod
437 4397 505 4458 spes
529 4374 556 4436 ei
580 4374 651 4438 data
675 4382 721 4438 est
744 4376 832 4439 lueri.
870 4376 964 4439 Porro
989 4376 1080 4440 verba
1103 4379 1134 4440 έν
1157 4378 1251 4455 ἐκείνῳ
1270 4379 1310 4458 τῷ

217 4482 310 4563 χρόνῳ
340 4505 394 4548 eur
425 4484 578 4549 addantur
609 4509 670 4550 non
698 4487 789 4550 nimis
813 4488 1007 4573 perspicuum
1031 4495 1086 4551 est.
1134 4487 1205 4552 Non
1230 4489 1312 4553 enim
