3128 5208
649 519 689 580 65

168 719 247 799 Sed,
273 728 310 786 ut
331 721 382 798 fit,
407 719 499 785 etiam
523 718 562 783 ad
584 717 769 804 explendum
793 718 817 781 si
841 717 916 802 quid
940 717 1044 781 deesse
1060 717 1215 782 immerito

128 830 304 910 videbatur,
336 831 487 917 quaedam
519 829 702 917 interpolata
725 835 807 894 sunt.
854 829 925 894 Iure
953 829 1052 894 haesit
1075 828 1216 898 Dobreus

127 943 158 1006 in
180 945 197 1028 φ
219 946 259 1007 6ε
288 944 533 1023 ἀπαγγείλαντός
556 967 630 1016 τινος
654 945 690 1014 ὥς
714 942 771 1019 ἐγὼ
794 941 942 1022 λοιδοροῖμι
968 941 1034 1026 (sic)
1057 947 1107 1006 τοῦ
1132 940 1217 1019 νόμου

127 1055 377 1136 οέταγορεόονσος,
407 1054 469 1120 εὀόν
499 1079 552 1127 τις
583 1055 698 1135 ἀρχήν
721 1054 754 1119 ἒν
777 1051 939 1134 συνεδρίῳ
962 1051 1111 1134 λοιδορῇ,
1136 1052 1218 1133 σαρόι

128 1165 174 1229 τόν
194 1165 282 1244 νόμον
301 1165 441 1248 ζνμιῦσαι
458 1164 600 1243 ήξόυσαν,
617 1165 778 1249 inquibus
795 1163 925 1228 delenda
939 1162 1081 1228 censebat
1097 1163 1158 1228 ε’όιν
1173 1199 1219 1212 -

128 1276 256 1360 λοιδορῇ,
279 1285 386 1364 utpote
411 1299 447 1342 ex
470 1279 486 1364 t
510 1280 528 1341 9
554 1278 614 1341 huc
632 1285 738 1342 tracta.
763 1276 939 1341 Sectione2
963 1277 1037 1342 haec
1052 1275 1216 1360 leguntur:

129 1385 170 1452 ότι
201 1391 260 1468 μὲν
288 1393 338 1456 οῦκ
369 1393 439 1468 ἐμοῦ
468 1390 746 1472 καταφρονήσαντες
768 1389 853 1454 uuna
875 1395 925 1454 τοῦ
952 1387 1130 1470 τριόγματος
1153 1390 1219 1459 τοὺς

130 1500 238 1579 λόγους
261 1508 423 1584 ποιοῦνται,
444 1507 548 1584 σαφῶς
565 1501 740 1579 ἐπίσταμαι.
788 1498 900 1564 Parum
920 1499 1048 1564 decebat
1063 1522 1150 1577 eum,
1168 1499 1222 1583 qui

74 1692 79 1704 ι
132 1611 341 1678 demonstrare
372 1612 481 1691 vellet,
513 1613 646 1698 privatas
677 1611 853 1676 inimicitias
877 1633 998 1675 causam
1021 1611 1114 1675 fuisse
1137 1633 1223 1674 accu-

133 1724 261 1788 sationis
296 1726 324 1811 (φ
356 1725 422 1810 10),
455 1723 570 1801 dicere,
602 1745 781 1809 persuasum
812 1722 870 1787 sibi
901 1745 980 1800 esse,
1012 1745 1074 1787 non
1097 1723 1168 1787 odio
1192 1746 1223 1788 se

134 1833 260 1914 haberi3
284 1844 314 1900 et
336 1844 440 1900 tamen
463 1835 592 1900 totidem
615 1834 714 1899 verbis
737 1835 795 1899 hoc
810 1834 862 1898 ille
879 1841 1024 1913 testatur,
1042 1857 1104 1899 non
1120 1835 1224 1899 dicens

135 1943 176 2009 ότι
203 1948 259 2026 μὲν
288 1949 319 2012 οὐ
342 1951 512 2012 τοσοῦτον
537 1948 608 2026 ἐμοῦ
628 1946 903 2028 καταφρονήσαντες
926 1942 988 2010 όοον
1011 1951 1060 2010 τοῦ
1083 1943 1225 2026 τρόγμα·

136 2080 206 2134 τος,
233 2059 283 2123 sed
307 2058 474 2143 praefracte
497 2061 546 2123 οὐκ
570 2059 640 2133 ἐμοῦ
652 2057 938 2138 καταφρονήσαντες.
973 2055 1006 2119 Si
1022 2056 1169 2120 vellicans
1186 2057 1224 2122 ab

137 2166 241 2253 aliquo
264 2178 295 2234 et
319 2177 422 2234 tamen
446 2169 529 2234 dicas
553 2168 705 2233 confidere
728 2176 777 2246 te,
802 2191 863 2232 nou
886 2168 1026 2232 laedendi
1051 2169 1151 2232 animo
1168 2170 1224 2232 cri-

140 2279 223 2344 mina
245 2280 282 2344 ab
307 2280 478 2344 adversario
502 2279 645 2364 proferri,
671 2280 807 2343 animum
830 2279 965 2343 ostendis
989 2279 1027 2343 ad
1049 2281 1225 2346 reconcilia·

140 2390 253 2456 tionem
283 2413 432 2477 pronum,
465 2390 547 2474 quod
575 2391 612 2455 ab
636 2391 781 2454 orationis
810 2391 937 2455 consilio
961 2392 1050 2477 plane
1074 2392 1225 2457 abhorret.

143 2500 306 2589 Exspectes
330 2503 434 2588 potius
457 2502 519 2567 tale
542 2495 635 2586 qu'id:
660 2501 701 2567 ότι
725 2502 779 2578 μὲν
796 2497 841 2567 οῦν
860 2503 930 2577 ἐμοῦ
948 2505 1226 2584 καταφρονήσαντες

145 2614 192 2678 καὶ
223 2621 273 2680 τοῦ
304 2613 483 2696 πρήγματος
514 2615 801 2694 κατολιγωρήσαντες
831 2615 897 2686 τοὺς
927 2614 1033 2692 λόγους
1064 2621 1226 2691 ποιοῦνται,

144 2749 171 2791 σ.
195 2727 218 2790 ε’.
263 2723 358 2806 Quod
389 2749 406 2788 a
437 2725 568 2790 lectione
598 2734 718 2811 recepta
740 2725 872 2790 multum
895 2726 1019 2792 recedit.
1066 2727 1166 2791 Incidi
1194 2727 1226 2791 in

144 2857 209 2900 eam
237 2837 431 2922 opinionem,
463 2844 499 2900 ut
528 2835 618 2902 verba
648 2838 811 2901 transitum
843 2839 1038 2904 constituisse
1061 2845 1166 2923 putem
1190 2837 1228 2902 ad

145 2950 317 3032 sequentia,
349 2972 427 3035 quae
452 2957 539 3013 sunt:
564 2952 588 3015 εἲ
611 2949 708 3028 μέντοι
737 2952 815 3026 ῦμῦς
838 2948 941 3016 οἴονται
964 2989 1007 3000 ·-
1030 2957 1231 3031 καταψηφιεῖ-

147 3060 211 3124 σόαό
236 3085 292 3140 μου
324 3063 373 3125 οὐκ
403 3058 438 3124 όιν
468 3061 671 3138 όαυμοόσαιμι;
705 3064 769 3126 Οῦκ
800 3061 880 3125 enim
912 3063 995 3146 (ante
1018 3063 1098 3146 ἐμοῦ)
1123 3068 1230 3125 natum

149 3193 183 3235 ex
210 3170 272 3251 οῦν,
304 3194 367 3256 qua
397 3171 476 3235 iacta
502 3172 672 3237 mutatione
696 3172 774 3236 alius
797 3171 940 3237 librarius
964 3171 1124 3257 adscripsit
1146 3175 1231 3239 οέλλόι

148 3289 194 3348 τοῦ
224 3282 414 3364 τρόγματος.
460 3282 563 3363 Quare
594 3284 637 3347 sic
668 3284 742 3347 olim
773 3285 921 3370 scriptum
951 3283 1044 3347 fuisse
1074 3285 1230 3349 existimo:

149 3392 187 3460 ότι
210 3397 265 3475 μὲν
287 3391 334 3460 οῦν
358 3397 441 3472 ἐμοῦ
464 3397 740 3478 καταφρονήσαντες
758 3397 825 3468 τοὺς
843 3397 948 3474 λόγους
966 3402 1113 3462 ποιοῦνται
1128 3403 1233 3476 σαφῶς

148 3507 327 3585 ἐπίσταμαι·
357 3508 381 3572 εἰ
412 3506 508 3585 μέντοι
541 3509 632 3585 ὑμᾶς
660 3507 763 3612 οἴονται
794 3507 828 3573 δι’
848 3511 974 3584 εῦήόειαν
1002 3507 1153 3594 (Debreus
1177 3528 1233 3591 pro

148 3617 263 3703 εὔνοιαν)
289 3617 345 3682 tna
371 3623 427 3682 τῶν
455 3617 596 3695 διαβολῶν
619 3619 787 3690 τειοόὲντας
811 3620 1068 3702 καταψηφιεῖσθαί
1089 3643 1160 3696 μον,
1184 3620 1234 3683 οὐκ

150 3727 182 3793 διν
204 3727 412 3806 όοιυμοόσαιμι;

188 3840 304 3905 Insunt
326 3846 480 3923 praeterea
504 3862 581 3925 quae
594 3863 701 3926 parum
719 3841 822 3905 Attica
838 3849 869 3905 et
884 3840 1046 3905 insolentia
1064 3840 1233 3906 videantur.

146 3951 243 4023 Ἑντός
266 3952 283 4037 t
308 3952 347 4013 10
372 3972 428 4036 pro
451 3950 525 4015 ἔνδον
548 3953 683 4037 positum
706 3952 825 4016 notavit
848 3954 910 4016 iam
933 3952 1082 4017 Dobreus.
1119 3951 1236 4016 Eodem

147 4062 211 4127 loco
235 4062 305 4127 ἄνευ
329 4062 447 4139 τοῦτον,
472 4069 507 4126 ut
531 4061 624 4148 vulgo
649 4064 890 4148 interpretantur
913 4063 1056 4150 suppleto
1080 4070 1130 4130 τοῦ
1154 4063 1238 4140 νόμου

147 4195 199 4258 pro
230 4171 314 4252 ταροδ
332 4171 380 4238 τόν
410 4173 494 4250 νόμον
500 4221 510 4250 ,
542 4195 603 4256 quo
638 4174 775 4259 exemplo
799 4173 960 4239 defendam
983 4170 1107 4254 nesci03¹
1128 4174 1238 4239 melius

148 4306 216 4348 sane
241 4284 393 4369 Augerius
416 4284 634 4369 interpretatur
658 4283 727 4350 όινευ
753 4292 803 4351 τοῦ
827 4285 987 4361 ήδικήκέναι
1012 4286 1094 4363 τινα,
1122 4285 1169 4349 vei
1196 4285 1240 4347 sie

149 4401 247 4459 tamen
271 4394 329 4459 hoc
352 4394 487 4459 insolens
512 4401 567 4458 est.
606 4396 763 4469 Δικαίασις
786 4420 840 4482 pro
856 4397 1019 4475 δικαίωμα,
1037 4401 1240 4482 ονρυνιιοαόιινιν

151 4505 207 4570 iain
239 4506 454 4571 animadvertit
483 4504 685 4592 Harpocratio
714 4509 733 4572 i.
760 4531 805 4586 v.;
830 4509 911 4573 idem
936 4509 1060 4573 affectui·
1083 4532 1099 4573 e
1123 4507 1238 4572 Zonara

1123 4630 1138 4682 ῦ
