3126 5210
772 414 834 472 226

256 639 351 702 quor,
381 614 456 700 quid
486 615 518 679 in
552 614 609 676 hac
644 612 776 676 lectione
811 612 870 676 sibi
905 613 979 677 velit
1007 616 1204 698 praeteritum
1237 618 1357 693 ἡνητά-

253 731 341 809 μείω.

300 841 348 906 Ib.
378 842 470 905 καίτοι
494 839 603 912 τάντες
628 838 786 903 ἐπίστασθε
810 835 852 902 ὅτι
876 838 996 915 οὐδεμία
1016 839 1100 911 ε’λτοίς
1120 843 1258 920 σωτηρίοις
1283 843 1355 918 ὑμῖν

255 953 480 1032 δνςτνχησοισω.
524 948 596 1014 Non
630 949 834 1012 necessarium
866 948 1008 1031 quidem,
1034 949 1086 1014 sed
1112 961 1213 1032 tamen
1242 960 1354 1037 aptum

254 1063 333 1127 foret
356 1064 422 1140 ὑμῖν
447 1067 493 1126 νῦν
506 1061 529 1125 δ.
556 1059 747 1144 Explicanda
762 1058 837 1122 haec
854 1067 926 1123 sunt
943 1083 979 1123 ex
995 1062 1013 1145 t
1032 1063 1067 1124 ll
1083 1088 1088 1124 :
1107 1060 1184 1134 ὅστις
1201 1063 1230 1127 ἐν
1245 1065 1355 1128 τοσαύ-

251 1202 287 1258 τη
306 1175 412 1257 ἀτορίρι
430 1179 485 1238 τῶν
506 1172 647 1252 ὑμετέρων
666 1171 871 1253 τραγμάτων,
893 1195 929 1234 ex
946 1172 1058 1255 quibus
1075 1182 1200 1258 apparet
1219 1196 1244 1237 a.
1263 1177 1351 1252 389,

252 1309 313 1371 quo
342 1286 416 1350 haec
448 1284 544 1348 oratio
576 1283 682 1346 habita
706 1289 768 1360 est,
796 1284 873 1348 vires
897 1283 1030 1347 civitatis
1055 1307 1202 1368 perquam
1227 1286 1351 1349 attritas

251 1399 356 1462 fuisse.
393 1397 476 1461 Dum
500 1395 576 1459 dicit
599 1417 748 1458 comesse
768 1394 979 1458 condicionem
997 1394 1149 1473 civitatis,
1171 1404 1206 1460 ut
1225 1396 1251 1459 si
1272 1396 1352 1479 quid

252 1526 339 1573 secus
371 1508 533 1585 acciderit,
566 1513 668 1570 actum
700 1505 740 1569 sit
772 1505 810 1569 de
841 1506 905 1569 eius
937 1506 1130 1590 integritate,
1157 1512 1249 1590 auget
1273 1528 1351 1569 sane

251 1620 434 1704 periculum.
463 1617 510 1682 Of.
534 1618 625 1681 etiam
643 1619 660 1702 ᾧ
681 1615 833 1681 ίετάντα
852 1614 1008 1697 τράττειν,
1028 1612 1103 1686 ὅπως
1125 1617 1207 1693 ὑμεῖς
1224 1619 1257 1681 ἐν
1273 1625 1351 1688 τοῖς

251 1729 470 1802 δεινοτάτοις
494 1729 661 1800 κινδύνοις
682 1728 800 1810 (cf.14)
824 1728 895 1791 καθ’
915 1727 1070 1803 ἑκοίστην
1088 1727 1221 1807 ἡμέριον
1237 1728 1349 1793 ἔσεσθε.

297 1841 350 1913 Δίς
378 1841 486 1906 ταύτὸν
518 1843 587 1916 ἡμῖν
617 1835 681 1904 εἷπε
712 1838 819 1923 Lysias
851 1840 883 1902 in
915 1839 962 1902 his
991 1840 1008 1923 ᾧ
1036 1841 1091 1902 16:
1119 1838 1254 1917 οὐδεμίαν
1277 1841 1349 1917 ὑμῖν

251 1951 375 2016 εἴσονται
405 1951 509 2033 χάριν,
541 1951 625 2015 ἀλλά
654 1957 714 2022 τοῖς
745 1950 935 2028 ἀνηλωμένοις
966 1950 1016 2014 καί
1047 1957 1106 2021 τοῖς
1130 1945 1348 2029 χρηματικοῖς

249 2066 427 2145 ὑφῄρηνται·
451 2062 524 2127 ὥστε
547 2063 599 2135 την
623 2064 676 2139 μὲν
699 2061 806 2141 ἔχθρην
830 2063 897 2136 ὑμῖν
920 2064 1018 2132 αὐτοῖς
1042 2061 1260 2142 καταλείψετε,
1278 2069 1324 2135 τη
1331 2087 1347 2132 ς

247 2173 281 2238 δὲ
313 2175 489 2255 σωτηρίας
518 2175 665 2245 ἐκείνοις
696 2173 855 2237 είσονται
885 2172 1001 2252 χάριν.
1049 2170 1131 2235 Nam
1162 2171 1275 2243 ἐκείνοις
1300 2195 1347 2236 re·

247 2286 344 2350 fertur
368 2286 407 2350 ad
429 2286 484 2352 illa
506 2285 679 2362 ἀνηλωμένα
702 2284 751 2349 καί
776 2285 933 2364 χρήματα.
965 2283 1055 2346 Nihil
1072 2283 1225 2367 praecedit
1242 2283 1346 2361 aliud,

247 2420 308 2482 quo
343 2398 448 2462 referri
483 2396 589 2482 possit.

291 2509 329 2572 In
365 2509 425 2572 fine
456 2507 531 2571 haec
562 2506 725 2590 leguntur:
757 2504 836 2580 ἀξιον
855 2543 901 2553 -
924 2505 1007 2584 ταρά
1030 2511 1085 2570 τῶν
1104 2504 1274 2570 ἀδικούντων
1293 2505 1349 2578 την

244 2616 321 2696 δίκην
344 2620 462 2698 λαβεῖν.
502 2618 601 2703 Urget
629 2625 797 2681 extremum
830 2617 1017 2701 supplicium
1051 2639 1115 2680 esse
1148 2617 1346 2681 sumendum.

244 2730 369 2794 Excidit
391 2729 524 2811 ε’τχάτην
548 2738 618 2793 ante
641 2729 728 2802 δίκην.
769 2727 816 2791 Of.
840 2729 929 2792 initio
949 2728 1109 2790 sectionis:
1132 2727 1167 2792 ἀν
1186 2728 1240 2805 μὲν
1260 2730 1347 2807 ταρά

245 2842 352 2906 τούτων
374 2844 426 2915 την
449 2840 594 2919 μεγίστην
618 2839 695 2912 δίκην
719 2839 847 2916 λάβητε.

495 3073 583 3115 XXIX.
615 3079 690 3117 ΚΑΤΑ
711 3077 913 3118 ΦΙΛΟΚΡΑΤΟὟΣ·
943 3077 1089 3117 ΕΠΙΔΟΓΟΣ.

289 3279 395 3344 Altera
429 3301 498 3363 pars
532 3277 742 3362 inscriptionis
779 3277 938 3360 (ἐπίλογος)
976 3275 1138 3339 manifesto
1171 3274 1247 3338 falsa
1278 3283 1345 3353 est;

246 3391 350 3454 statim
382 3390 464 3453 enim
497 3389 534 3452 ab
564 3389 655 3452 initio
683 3389 814 3452 totidem
837 3387 936 3451 verbis
961 3387 1113 3450 neminem
1137 3408 1201 3450 esse
1223 3395 1347 3470 praeter

245 3524 277 3563 se
306 3509 514 3564 accusatorem
541 3508 643 3564 orator·
665 3507 797 3565 testatur
821 3497 867 3583 (ὧν
890 3500 978 3570 οὐδεὶς
1001 3499 1058 3564 νννί
1082 3499 1245 3582 Φαίνεται).
1281 3499 1348 3582 Ap-

244 3618 330 3695 paret
364 3611 460 3694 igitur
493 3611 611 3674 nullam
646 3612 815 3675 orationem
844 3611 938 3675 fuisse
966 3611 1200 3696 pronunciatum
1224 3616 1347 3694 praeter

244 3722 333 3785 hanc.
374 3721 439 3785 Iam
457 3744 527 3785 vero
544 3722 712 3806 exspectari
736 3721 844 3799 debet,
869 3721 994 3804 utquid
1013 3721 1086 3785 velit
1101 3729 1260 3784 accusator
1276 3742 1345 3804 per·

242 3833 348 3916 spicue
372 3840 402 3895 et
426 3833 515 3918 plene
538 3832 676 3911 dicatur,
702 3841 798 3917 utque
821 3833 1059 3910 demonstratio,
1085 3832 1222 3916 quamvis
1239 3831 1340 3894 brevis

240 3953 270 4006 et
295 3943 435 4019 astricta,
460 3952 562 4007 tamen
587 3945 627 4006 sit
651 3944 751 4028 gravis
768 3953 860 4026 atque
878 3943 1010 4007 subtilis.
1050 3943 1110 4006 Sed
1126 3950 1271 4007 neutrum
1288 3943 1334 4005 fit.

239 4055 287 4117 Dc
318 4054 509 4118 accusatione
540 4061 687 4139 tanquam
719 4054 757 4117 de
788 4077 819 4116 rc
850 4063 924 4117 nota
955 4058 1002 4137 (τῇ
1035 4056 1211 4136 ἀπογραφῇ)
1236 4074 1336 4116 sermo

240 4173 286 4228 est
319 4166 347 4250 (ᾧ
372 4167 419 4249 1);
452 4174 520 4229 tum
551 4168 578 4249 (ᾧ
601 4169 633 4249 3)
663 4167 839 4229 summatim
871 4167 1000 4230 refertur
1030 4163 1334 4240 deconsuetudiue,

240 4299 318 4359 quae
349 4277 429 4339 inter
460 4275 637 4360 Ergoclem,
662 4277 750 4341 errius
775 4277 854 4340 hona
878 4278 1034 4361 publicata
1057 4300 1111 4361 spe
1134 4277 1257 4340 fuerant
1279 4275 1335 4338 mi·

239 4410 331 4465 nore,
364 4393 395 4450 et
417 4387 639 4464 Philocratem,
673 4411 690 4450 a
721 4409 782 4470 quo
813 4411 895 4453 nune
920 4389 1058 4472 Ergociis
1084 4389 1163 4452 bona
1186 4409 1240 4471 per
1263 4388 1337 4450 ἀτο-
