3126 5210
661 425 723 488 187

180 618 267 703 culpee
288 619 380 704 ipsius
404 617 600 702 deposuisse3
624 619 685 684 nisi
708 641 813 684 omues
832 628 886 685 eut
901 621 1037 705 plerique
1054 623 1135 682 certe
1151 617 1241 682 obliti

178 735 276 806 essent,
297 751 356 793 non
375 735 495 813 poteret
511 729 727 813 impunitatem
743 751 873 815 sperere.
905 729 1020 794 Melius
1036 729 1134 814 igitur
1150 727 1243 812 scrip

176 835 249 900 sisset
274 833 307 900 ὦν
333 838 520 910 ἐπιλελῆσθαι
552 837 677 912 αὐτούς,
706 838 755 902 καί
778 838 836 902 οὐδ’
859 838 1130 916 ἀναμνησθήσεσθαι
1155 837 1240 908 ἐνίους

175 945 285 1025 νομίζεις.
333 945 456 1011 Oblitos
486 946 617 1030 putabet
646 946 764 1012 iudices
784 946 934 1026 sceleris,
967 947 1115 1031 quosdam
1148 946 1241 1010 etiem

174 1054 209 1118 sic
228 1054 397 1120 memoriam
420 1057 486 1120 eius
509 1054 651 1119 maleficii
667 1055 862 1140 deposuisse,
887 1061 921 1119 ut
937 1077 976 1120 ne
991 1057 1101 1122 moniti
1117 1055 1241 1141 quidem

172 1161 271 1227 fectum
295 1165 484 1230 recordaturi
507 1171 616 1230 essent.
655 1163 699 1228 Hi
723 1165 905 1249 posteriores
928 1166 1071 1250 negaturi
1094 1172 1180 1230 erent
1203 1165 1242 1229 de

171 1269 287 1337 Evandri
309 1273 401 1359 culpe
423 1296 494 1338 vere
516 1273 627 1338 referre
655 1281 816 1338 oratorem.
858 1273 938 1338 Oum
961 1273 1084 1338 delectu
1107 1275 1242 1360 positum

169 1387 207 1444 est
226 1385 384 1467 θναμιμν.,
408 1384 527 1447 ratione
550 1382 655 1447 habite
677 1383 908 1468 compositionis
931 1384 1034 1466 (θνα).

204 1491 225 1553 εί
253 1492 347 1573 ταθτη
378 1501 415 1572 τη
446 1492 541 1558 ἐλπίδι
567 1494 607 1564 είς
631 1493 710 1570 ὑμᾶς
733 1490 792 1568 ίίκει
817 1491 977 1575 πιστεύων,
1001 1490 1097 1570 stores
1121 1489 1242 1556 σίλλων

165 1600 211 1674 μέν
230 1625 308 1666 τινων
331 1599 416 1668 ίντων
438 1607 494 1668 τῶν
517 1602 705 1680 ἠδικημένων,
730 1601 857 1682 ἐτέρων
883 1601 913 1666 tr
935 1606 992 1666 τῶν
1013 1605 1115 1666 ταῦτα
1137 1601 1242 1678 διαψη-

164 1710 327 1794 Φιουμίυων,
360 1711 431 1776 ἀλλ’
461 1713 511 1776 οὐκ
534 1710 692 1793 ἀμφότερα
715 1717 770 1775 τῶν
794 1711 962 1776 αὐτῶνκαὶ
987 1708 1165 1776 τετονθθσων
1190 1710 1239 1775 καί

163 1818 357 1898 οίκουσομένων.
404 1821 451 1902 De
474 1818 566 1893 σίλλος
588 1821 643 1898 μέν
665 1859 728 1904 -,
752 1819 845 1900 ἕτερος
868 1821 898 1885 δέ
920 1857 965 1870 -
988 1821 1025 1885 ci.
1050 1819 1130 1884 Plet.
1147 1818 1238 1904 prl.

163 1925 211 1991 IV.
242 1932 315 1994 439.
347 1929 391 1992 B:
426 1930 506 2004 οίλλη
537 1929 590 2006 μὲν
614 1933 630 2007 ἡ
653 1929 809 1994 οὶσωθοῦσα
835 1929 919 2009 χείρ,
944 1929 1028 2009 ἑτέρα
1051 1929 1075 1994 θ’
1098 1933 1114 2006 η
1139 1953 1243 2010 ιτροςα·

161 2037 270 2112 γομὲνη.
305 2038 377 2102 Alia
400 2037 508 2102 Stellb.
534 2037 572 2101 ed
589 2037 682 2122 Soph.
701 2040 776 2101 224.
793 2037 832 2101 D.
865 2038 903 2102 Iu
919 2038 1065 2123 proximis
1080 2037 1241 2120 οίμΦθτερα

161 2152 282 2209 nonest
305 2146 460 2211 obiectum
484 2146 644 2210 verborum
668 2170 741 2210 τεσ.
765 2153 796 2210 et
818 2148 937 2224 οίκουσ.,
967 2146 1021 2210 sed
1048 2148 1241 2212 accusativus

161 2254 287 2320 adverbii
310 2257 372 2320 fere
395 2261 537 2320 usturam
559 2255 662 2320 induit
684 2259 799 2336 (simul)
822 2261 859 2318 ut
881 2255 964 2339 epud
986 2255 1084 2320 Isocr.
1111 2260 1140 2320 8.
1161 2260 1240 2320 139:

159 2361 223 2429 θσαν
249 2369 328 2447 ὁρῶσι
357 2368 425 2439 τοὺς
455 2368 560 2438 αὐτοὺς
591 2366 750 2448 οίμφθσερα
780 2367 829 2430 καί
862 2364 1059 2436 δικαιοτάτους
1083 2366 1168 2437 θυτας
1191 2365 1241 2430 καί

160 2476 296 2552 μεγίστην
320 2477 440 2552 δύναμιν
463 2475 663 2553 κεκτημένους.

199 2586 215 2669 t
236 2587 265 2649 2.
312 2584 387 2662 Isti,
412 2585 532 2671 inquit,
556 2606 610 2649 vos
631 2585 706 2649 olim
721 2584 797 2649 urbe
813 2585 985 2663 eiecerunt,
1009 2608 1062 2651 vos
1078 2607 1162 2651 nunc
1177 2607 1241 2650 non

158 2698 272 2758 tantum
293 2697 326 2760 in
350 2696 505 2760 civitatem
527 2696 603 2758 istos
627 2694 798 2779 recepistis,
824 2694 877 2758 sed
901 2694 992 2758 etiam
1017 2694 1056 2758 sd
1079 2695 1195 2759 iudicia
1211 2702 1242 2759 et

158 2801 404 2868 deliberationem
434 2803 472 2867 de
501 2825 533 2867 re
563 2802 689 2888 publica
719 2801 898 2885 admittitis,
930 2801 1004 2868 ίίσσε
1026 2801 1140 2876 είκθτως
1164 2806 1243 2883 ὑμῶν
1268 2785 1272 2794 “

156 2913 262 2988 ταύτην
285 2916 337 2988 τὴν
352 2915 479 2988 εὐήθειαν
495 2914 793 2992 καταγιγνώσκουσιν.
835 2916 934 2998 Apte,
959 2914 1020 2977 nisi
1036 2914 1142 2993 fallor,
1168 2915 1242 2978 haec

156 3020 244 3085 verbe
274 3022 464 3101 dicerentur,
497 3023 523 3087 si
555 3023 593 3088 de
623 3024 735 3106 εὐηθείᾳ
765 3029 936 3100 constaret,
969 3022 1023 3086 sod
1046 3031 1243 3106 quaereretur

155 3131 203 3194 cui
232 3130 287 3194 ille
317 3131 516 3198 adscribenda
547 3140 644 3210 esset3
677 3133 715 3198 de
746 3132 900 3198 dementis
927 3133 1010 3196 enim
1032 3139 1180 3217 tanquam
1204 3133 1242 3198 de

155 3263 201 3318 re,
226 3258 304 3326 quae
327 3242 360 3305 in
383 3243 520 3307 confesso
544 3243 585 3306 sit
607 3244 731 3326 (ταύτην
757 3244 839 3327 τήν),
865 3264 962 3306 sermo
986 3249 1041 3306 est.
1074 3241 1243 3306 Convenie-

155 3349 206 3414 bet
235 3357 339 3416 tamen
368 3351 436 3417 loco
468 3353 568 3418 dicere
599 3375 664 3417 esse
694 3354 773 3418 henc
803 3353 988 3418 dementiam
1011 3351 1241 3438 appellandam,

154 3461 218 3526 iure
242 3461 355 3526 talibus
379 3462 556 3527 hominibus
580 3462 765 3526 dementiam
787 3485 876 3546 posse
896 3463 998 3528 obiici.
1030 3463 1075 3526 Ea
1091 3463 1243 3526 sententie

155 3572 280 3635 exsistet
303 3571 423 3634 omissis
447 3572 547 3636 verbis
570 3573 681 3645 ταύτην
705 3574 767 3647 τήν.

196 3683 213 3764 ᾧ
237 3683 267 3743 3.
314 3682 362 3746 καί
387 3683 443 3747 νυνὶ
468 3683 556 3748 αὐτὸν
578 3683 671 3747 οίκοθω
695 3720 740 3732 -
762 3681 856 3758 λέξειν
878 3684 915 3754 ὡς
938 3683 1039 3746 πολλοὶ
1062 3683 1085 3746 οἱ
1113 3682 1242 3762 τρίγονοι

135 3791 192 3860 ἐἰς
222 3791 274 3864 την
306 3790 389 3856 νιθλιν
420 3792 585 3868 ἀνηλώκασι
612 3792 663 3857 καί
691 3793 856 3874 φιλοτίμως
888 3793 1162 3876 λελειτουργήκασι,
1192 3793 1241 3858 καί

153 3899 232 3970 νίκας
255 3900 371 3973 τολλθος
391 3902 439 3965 καί
463 3903 560 3975 καλθις
583 3906 612 3967 ἐν
632 3903 810 3984 δημοκρατία
825 3903 1003 3983 νενικήκασι,
1029 3900 1078 3965 καί
1094 3897 1137 3966 θτι
1154 3903 1241 3974 αὐτὸς

152 4007 267 4086 κίσμιθς
290 4011 365 4084 ἐστι,
389 4012 437 4075 καὶ
461 4013 519 4091 οὐχ
541 4013 643 4090 θρίσσαι
667 4018 751 4078 ποιῶν
773 4037 801 4077 κ.
825 4036 853 4077 τ.
878 4013 902 4077 ἑ.
940 4010 1043 4074 Verbo
1065 4013 1090 4075 οί
1111 4011 1240 4091 τρίγονοι

151 4116 182 4182 in
213 4117 301 4183 MSS.
326 4121 439 4185 desunt
445 4147 455 4199 3
479 4129 583 4187 temon
607 4123 632 4188 si
656 4123 820 4208 diligenter
843 4120 1037 4186 attendemus
1062 4121 1240 4204 oppositum

151 4226 238 4299 αὐτθς
269 4228 399 4294 ἀνθίσαι
431 4253 495 4295 esse
525 4255 587 4296 non
620 4239 738 4318 potest,
770 4232 846 4315 quin
877 4231 936 4294 hoc
967 4229 1014 4294 vol
1039 4229 1137 4294 simile
1161 4230 1238 4314 quid

150 4337 296 4402 omissum
327 4341 376 4406 sit.
423 4340 490 4406 Iam
518 4341 666 4428 Taylorus
690 4342 728 4407 de
751 4365 786 4407 eo
811 4341 949 4420 monuit,
980 4340 1032 4404 sed
1056 4341 1238 4406 recentiores
