3128 5208
848 473 889 538 50

321 696 383 738 uon
409 681 560 740 notatum.
608 675 711 758 Atque
742 673 818 738 talia
848 672 958 758 Lysiae
985 673 1143 758 aequalem
1174 672 1330 758 scripsisse
1354 695 1413 758 pu·

320 784 469 848 tabimus!

361 897 482 960 ¹Similia
505 896 572 960 aliis
596 917 718 980 quoque
742 896 817 960 locis
841 895 1131 981 deprehenduntur,
1156 917 1235 979 quae
1257 896 1348 960 mitto
1372 918 1411 958 ne

318 1030 382 1071 rem
406 1016 504 1072 actam
528 995 626 1091 again.
672 1007 900 1072 Tantummodo
924 1006 962 1072 de
986 1006 1188 1091 quibusdam,
1212 1027 1291 1090 quae
1312 1027 1413 1068 emen-

317 1120 384 1184 dari
407 1120 542 1204 possint,
568 1119 750 1183 sententiam
774 1141 953 1204 proponam.

363 1231 380 1314 ὑ
405 1232 456 1294 13.
481 1229 580 1294 Ἀλλά
601 1229 677 1305 λε’ξει
702 1230 787 1294 δεινὸν
810 1227 899 1313 εἶναι,
924 1232 948 1294 εί
971 1231 984 1294 ὑ
1007 1231 1061 1306 μὲν
1083 1229 1211 1307 μηνυτής
1229 1228 1270 1294 τά
1288 1227 1412 1308 ἔσχατα

318 1342 466 1416 πείσεται,
498 1342 521 1406 οἱ
553 1341 582 1406 δὲ
610 1340 779 1418 μηνυθέντες
797 1341 866 1406 ’τῶν
899 1344 992 1406 αὐτῶν
1019 1341 1086 1419 ὑμῖν
1110 1339 1236 1416 ἐπίτιμοι
1259 1339 1336 1413 θντες
1359 1363 1412 1418 με-

317 1452 435 1528 θέξουσι.
481 1453 582 1518 Καίτοι
606 1455 663 1534 οὑχ
686 1454 755 1533 ὑπὲρ
779 1454 869 1519 αὑτοῦ
891 1454 1130 1534 ἀπολογήσεται,
1155 1452 1252 1518 ἀλλά
1273 1450 1333 1517 καί
1353 1455 1411 1516 τῶν

239 1581 260 1662 ,’
316 1563 416 1630 ἀλλων
446 1569 638 1646 κατηγορήσει
695 1566 733 1629 In
766 1566 815 1629 bis
845 1566 897 1630 καί
926 1574 996 1652 post
1022 1565 1106 1631 ἀλλά
1129 1587 1191 1628 non
1214 1570 1261 1628 eet
1284 1568 1410 1648 aptum;

318 1700 379 1742 non
411 1679 492 1741 enim
523 1700 554 1740 se
578 1677 681 1762 ipsum
704 1699 772 1742 cum
796 1676 922 1760 reliquis
946 1683 1145 1742 accusaturus
1168 1682 1233 1740 erat
1240 1700 1249 1752 ς
1273 1673 1411 1757 reliquos

317 1797 382 1852 erat
404 1794 618 1865 accusaturus,
640 1789 693 1872 qui
716 1788 826 1872 impios
850 1795 1025 1872 receperant
1046 1788 1079 1852 in
1103 1787 1227 1864 urbem,
1252 1786 1409 1870 seipsum

317 1922 378 1963 non
411 1899 599 1963 defensurus.
647 1898 759 1964 Facilis
792 1907 838 1963 eat
861 1907 892 1964 et
916 1922 985 1964 vera
1006 1898 1179 1972 emendatio
1203 1897 1328 1962 Sluiteri
1350 1897 1412 1976 οὑχ

316 2008 392 2082 θπως
418 2012 497 2090 ὑπὲρ.
545 2008 627 2074 Nam
651 2011 740 2076 facile
766 2020 871 2076 notam
894 2011 1036 2076 vocabuli
1060 2008 1134 2082 θπως
1159 2009 1249 2095 (0117
1273 2008 1413 2094 potuisse

320 2122 461 2186 excidere
485 2129 555 2186 ante
577 2122 647 2202 ὑπέρ
670 2125 801 2208 quisque
827 2124 917 2188 videt.

361 2232 541 2317 Sequuntur
563 2233 656 2298 haee:
684 2236 752 2306 τοὺς
776 2236 829 2313 μὲν
852 2233 1028 2306 adnullatur
1052 2236 1076 2300 οἱ
1100 2232 1294 2310 ἐπιτάξαντες
1317 2255 1413 2296 κατα-

315 2343 451 2419 δέξασθαι
476 2344 619 2424 ἀὺιιωῦσι,
645 2343 694 2409 καί
718 2351 768 2410 τοὺ
789 2347 879 2411 αὑτοῦ
894 2345 1088 2425 ἀσεβήματος
1103 2343 1190 2410 αίτιοί
1204 2345 1282 2410 εἰσιν.
1306 2343 1412 2428 Igitur

316 2477 378 2519 uon
412 2461 521 2540 sponte
556 2477 613 2518 sua
647 2456 744 2540 egisse
775 2457 855 2520 cives
886 2454 939 2519 sed
970 2455 1105 2540 impulsu
1137 2454 1322 2536 θημηγθρων,
1353 2455 1411 2538 qui

315 2572 476 2652 propterea
513 2566 619 2630 eodem
650 2567 815 2651 impietatis
848 2568 973 2632 erimine
1005 2590 1036 2631 ae
1053 2566 1291 2652 ximplicaverint
1321 2565 1408 2629 dicit.

315 2677 350 2742 Ei
373 2678 398 2740 δ’
418 2678 501 2754 ὑμεῖς
524 2677 728 2759 αὑτοκράτορες
758 2675 836 2757 ἦτε,
863 2679 923 2744 καί
954 2680 1035 2744 ἐστὲ
1057 2680 1081 2744 οἱ
1103 2677 1265 2763 ἀφελθντες
1288 2678 1344 2750 τάς
1367 2701 1411 2741 τι-

313 2789 423 2867 μωρίας
445 2791 500 2852 τῶν
523 2790 605 2869 θεῶν,
629 2789 701 2853 ἀλλ’
725 2791 783 2870 οὑχ
805 2787 881 2855 οὑτοι
901 2788 984 2856 αίτιοι
1001 2789 1123 2856 ἔσονται.
1159 2790 1208 2854 Ite
1224 2790 1327 2854 laeum
1342 2810 1411 2852 eor·

313 2906 439 2982 ruptum
470 2921 505 2962 ex
536 2898 678 2963 Palatino
702 2900 799 2965 edidit
822 2900 959 2966 Scheibe.
1000 2901 1078 2967 '‘Hrr
1111 2911 1141 2965 et
1171 2901 1237 2966 ε’στέ
1260 2900 1410 2984 reliquiae

220 3013 224 3023 '
314 3018 387 3073 sunt
409 3010 526 3074 lacerae
550 3033 636 3075 verae
660 3015 800 3078 lectionis
807 3039 817 3090 3
842 3014 895 3079 καί
917 3036 934 3077 a
957 3014 1089 3079 librariis
1112 3013 1266 3077 adiectum
1285 3012 1409 3076 videtur

312 3120 379 3184 loeo
396 3121 457 3184 iam
476 3121 655 3208 depravata'3
677 3125 742 3188 eius
761 3125 858 3190 forma
878 3127 921 3190 sic
942 3134 1044 3211 potest
1061 3126 1183 3190 restitui
1199 3125 1407 3205 αὑτοαράτορες

313 3257 463 3306 ...η.τε
478 3235 646 3313 ....εσθε,
679 3244 715 3298 ut
746 3235 804 3299 hoc
836 3236 909 3300 olim
933 3236 1043 3301 lectrum
1069 3237 1127 3300 rit:
1150 3237 1174 3300 εί
1197 3235 1222 3298 δ’
1246 3237 1329 3312 ὑμεῖς
1352 3237 1404 3300 αθ-

311 3342 476 3423 τοκροίτορες
505 3345 676 3425 ἀφήσετε
700 3347 807 3424 ὑμεῖς
831 3349 941 3414 ἔσεσθ’
963 3351 987 3413 οἱ
1010 3349 1161 3419 ἀνελθντες
1184 3347 1240 3419 τάς
1263 3347 1403 3427 τιμωρίας

311 3459 366 3518 τῶν
393 3454 477 3533 θεῶν,
510 3457 581 3532 „sin
611 3479 711 3535 nune,
727 3458 815 3522 'dum
838 3466 974 3523 vestrum
997 3459 1157 3523 arbitrium
1181 3465 1245 3535 eet,
1269 3456 1403 3522 Andoci-

310 3564 403 3643 „dem
431 3565 639 3644 absolveritis,
668 3569 828 3653 apparebit
850 3592 903 3633 voa
928 3592 992 3634 esse
1016 3591 1085 3648 eoa,
1110 3571 1165 3655 qui
1188 3569 1315 3633 deorum
1337 3567 1403 3630 viu·

311 3676 446 3753 „dictam
476 3680 518 3761 (et
545 3701 628 3743 nunc
651 3687 682 3744 et
705 3680 779 3744 olim
802 3704 899 3766 quum
921 3683 1033 3767 reliqui
1055 3683 1171 3768 recepti
1193 3684 1277 3765 sunt)
1301 3685 1402 3764 sustu-

310 3786 407 3850 letitia
430 3789 504 3869 (uon
527 3788 711 3876 demagogos
736 3793 790 3876 qui
814 3792 888 3856 olim
911 3792 997 3857 vobis
1017 3791 1251 3878 persuaserint)''
1286 3789 1401 3854 Similis

311 3899 535 3982 argumentatio
559 3909 605 3964 est
631 3905 680 3966 la.
707 3907 767 3981 90,
792 3927 837 3989 sq.
874 3904 923 3968 Ad
946 3905 1074 3968 formam
1097 3903 1243 3968 orationis
1262 3903 1299 3966 cf.
1317 3899 1399 3964 And.

314 4010 343 4082 1.Ι
371 4010 428 4073 17:
453 4011 467 4075 ὑ
491 4011 520 4076 δὲ
543 4013 649 4084 πείσας
671 4014 721 4078 καί
746 4014 875 4091 δεόμενος
900 4017 956 4092 ἐγὼ
981 4014 998 4092 ή
1020 4014 1166 4091 μάλιστα.
1200 4012 1319 4096 Lyal.
1341 4014 1398 4088 19,

272 4153 274 4159 ·
310 4121 341 4182 8.
374 4121 434 4198 46,
463 4125 494 4186 θ.
519 4125 555 4186 4:
579 4129 683 4205 σαφῶς
708 4125 781 4202 ἔγνω
806 4125 834 4191 τ’
857 4125 893 4191 ἀν
916 4124 959 4191 θτι
983 4129 1066 4204 ἡμεῖς
1089 4121 1162 4205 ήμεν
1185 4124 1273 4190 αὑτὸν
1296 4123 1320 4189 ci
1343 4146 1400 4203 κρι-

312 4232 364 4303 τήν
386 4230 580 4308 ἐμβαλθντες.

353 4341 371 4426 ὑ
396 4344 446 4406 16.
494 4343 571 4408 Φασὶ
596 4344 626 4408 δὲ
657 4345 707 4410 καί
738 4353 794 4412 τῶν
823 4349 968 4424 Ἑλλήνων
997 4349 1123 4419 πολλοὺς
1154 4347 1201 4412 aa
1230 4345 1271 4412 τά
1302 4342 1400 4409 ἕνθάδε

309 4451 496 4531 ἀσεβήματα
526 4456 559 4519 ἐκ
584 4461 640 4519 τὺν
663 4461 733 4537 παρ’
755 4460 854 4531 αὐτοῖς
878 4461 954 4538 ἱερῶν
977 4457 1121 4540 ἐξείργειν.
1168 4455 1324 4537 Ἐξείργειν
1347 4454 1400 4517 ab·
