3126 5210
845 476 908 536 220

331 677 362 733 at
377 670 477 734 multa
493 669 552 732 alia
568 676 713 734 conatum
732 670 862 734 actionis
879 671 1040 756 siguificat.
1071 672 1109 736 ln
1126 671 1236 736 cobeti
1253 680 1284 736 et
1299 672 1430 737 Scheibi

330 779 390 860 (ed.
419 782 448 862 l)
472 778 604 842 lectione
632 781 739 850 οὐτούς
761 781 879 854 τούτους
904 782 1039 846 otiosum
1062 781 1138 845 mihi
1161 782 1284 846 videtur
1307 784 1429 854 οούτούς.

330 889 368 952 In
399 889 526 973 reliquis
559 911 637 971 quae
666 889 747 953 inest
775 891 928 955 sententia
949 891 1059 955 similis
1084 900 1130 955 est
1154 893 1199 968 ci,
1224 913 1317 974 quam
1343 891 1432 955 inve-

329 999 432 1062 nimus
455 999 487 1062 in
508 999 646 1062 oratione
666 999 748 1062 κοοτώ
771 1000 893 1071 Φίλωνος
913 1001 983 1086 (31)
1003 1003 1062 1064 33:
1088 1000 1173 1078 μόνος
1200 1001 1248 1082 δή,
1269 996 1290 1064 ώ
1310 1000 1428 1083 βουλή,

328 1108 441 1180 δικοώως
471 1108 527 1172 οὐδ’
555 1106 592 1172 dcv
620 1109 803 1184 ώγοινοοιιτοώι
835 1111 877 1185 μὴ
907 1110 1024 1188 τυχών,
1056 1109 1129 1173 nim.
1159 1109 1274 1186 Philo,
1299 1111 1337 1174 de
1363 1133 1429 1194 quo

327 1218 484 1294 δοκι-ροοιοίοο
508 1217 648 1281 habetur.
696 1218 810 1294 „Solus
841 1218 891 1282 hio
915 1228 980 1296 est,
1004 1221 1059 1303 qui
1082 1221 1191 1303 (quum
1216 1241 1268 1282 vos
1292 1220 1369 1284 olim
1395 1221 1429 1283 in

326 1327 494 1411 „periculis
517 1327 699 1411 deseruerit)
722 1351 761 1392 ne
785 1328 851 1413 ipse
875 1329 1000 1412 quidem
1023 1330 1090 1392 iure
1106 1330 1205 1414 possit
1221 1351 1309 1413 aegre
1326 1330 1427 1406 ferre,

326 1437 376 1513 „si
409 1437 471 1499 voti
502 1458 626 1521 compos
658 1459 719 1502 non
752 1438 877 1502 fuerit.’'
921 1438 1042 1511 Τούτοις
1073 1440 1192 1520 πρώτοις
1225 1440 1362 1522 pertinet
1387 1439 1428 1502 ad

326 1546 548 1630 deprecatores.
595 1547 655 1612 Sed
680 1549 791 1612 mirum
817 1548 1045 1633 quodammodo
1069 1557 1116 1613 est
1131 1551 1369 1614 incitamentum
1388 1551 1427 1614 ad

326 1657 536 1734 severitatem
568 1659 620 1720 isti
651 1658 676 1721 si
709 1658 847 1723 studiose
870 1668 901 1724 et
924 1661 1002 1723 serio
1027 1661 1199 1744 (προθύμως)
1223 1660 1428 1752 defenderent

327 1764 567 1844 Nicomachum,
600 1789 661 1830 non
695 1769 862 1851 exspectari
895 1769 1031 1854 poterat,
1065 1778 1100 1833 ut
1131 1777 1202 1834 ante
1226 1792 1331 1835 omnes
1356 1771 1428 1834 reli·

326 1897 403 1958 quos
434 1876 594 1940 laudarent
619 1877 914 1942 condemnationem.
961 1877 1042 1942 Tum
1065 1879 1158 1942 etiam
1181 1879 1317 1962 reliquos
1343 1901 1426 1942 com-

324 1987 485 2050 memorari
513 2009 568 2071 par
595 1997 660 2052 erat
684 2009 817 2073 quorum
841 1988 992 2051 iudicium
1017 1989 1117 2072 pluris
1141 1988 1318 2052 faciendum
1343 1997 1426 2052 esset

324 2119 417 2180 quam
441 2096 684 2180 deprecatorum.
732 2097 875 2162 Fortasse
899 2098 931 2161 in
955 2097 1065 2169 τούτοις
1088 2098 1207 2178 πρώτοις
1231 2099 1318 2162 aliud
1343 2101 1423 2182 quid

326 2208 421 2286 latet,
455 2209 545 2293 quale
576 2208 607 2272 in
637 2210 791 2292 Agoratea
813 2211 830 2290 q
854 2211 913 2274 9l:
938 2209 1042 2274 ἔπειτοι
1065 2216 1139 2279 τοῖς
1164 2213 1274 2273 ποῖοιο
1298 2209 1425 2288 οὶούρώ-

324 2341 408 2389 ποις
436 2317 534 2394 δόξετε
564 2319 663 2383 δίκαιοι
693 2319 743 2383 κού
775 2317 841 2383 tta
870 2318 1060 2399 φιρΦῙοοιτώοιι
1095 2318 1143 2401 (ut
1174 2319 1322 2402 scriptum
1348 2319 1422 2383 olim

324 2429 419 2492 fuerit
440 2438 500 2500 τοῖς
524 2453 547 2492 π
558 2478 564 2492 .
575 2477 601 2493 ..
624 2429 755 2513 ρώποις),
773 2435 827 2492 aut
843 2429 993 2512 quaedam
1009 2434 1079 2512 post
1095 2428 1213 2507 πρώτοις
1230 2428 1423 2493 exciderunt.

371 2537 429 2602 His
453 2539 550 2622 igitur
577 2538 764 2616 emendatis,
790 2546 846 2602 aut
869 2547 967 2615 certe,
994 2543 1102 2622 utpote
1125 2539 1294 2622 corruptis,
1319 2539 1351 2602 in
1378 2539 1424 2601 iu-

323 2649 403 2713 dicio
434 2649 559 2714 ferendo
592 2651 752 2734 sepositis,
783 2649 862 2714 nihil
893 2649 1034 2725 invenio,
1064 2649 1146 2732 quod
1169 2647 1281 2732 Lysiae
1304 2648 1422 2712 rationi

320 2767 481 2843 repugnet.
526 2760 733 2824 Inveniuntur
761 2782 835 2823 sane
858 2761 892 2823 in
915 2758 1080 2844 Epicratea
1103 2766 1133 2821 et
1156 2758 1260 2821 Prima
1282 2757 1315 2820 iu
1337 2757 1422 2821 Aloi-

321 2868 442 2933 biadem
465 2870 624 2934 nonnullis
648 2871 723 2934 locis
748 2870 854 2933 eadem
879 2876 972 2954 atque
994 2869 1026 2931 in
1043 2866 1268 2944 Nicomachea,
1288 2867 1342 2931 scd
1358 2868 1421 2951 pri-

322 3002 406 3044 mum
439 2980 510 3044 illae
535 2981 687 3044 orationes
711 2980 809 3044 nihilo
833 2980 975 3043 meliores
999 2985 1072 3041 sunt
1095 2982 1201 3041 nostra
1208 3002 1218 3053 3
1243 2982 1310 3038 tum
1335 2975 1420 3059 quod

324 3091 383 3154 loci
415 3112 592 3155 communes
617 3091 819 3154 inveniuntur
843 3089 961 3154 nullam
985 3087 1078 3151 habet
1101 3087 1164 3149 vim
1187 3084 1422 3149 demonstrandi

306 3179 383 3264 ¹nisi
406 3201 498 3265 simul
521 3200 719 3278 ostendatur,
745 3200 845 3263 alieno
872 3198 941 3262 loco
965 3220 1030 3262 esse
1054 3197 1270 3281 interpositos,
1291 3203 1328 3259 ut
1351 3217 1422 3280 pro-

273 3389 277 3396 ·
325 3310 400 3374 dant
430 3311 647 3374 dormitantem
679 3317 733 3373 aut
763 3311 904 3393 ineptum
936 3308 1106 3388 rhetorem,
1140 3307 1194 3389 qui
1217 3306 1300 3370 locos
1323 3304 1420 3368 unde-

325 3443 445 3505 cunque
476 3426 639 3504 congerat,
674 3427 708 3482 ut
738 3419 857 3482 iustum
889 3418 1038 3482 ambitum
1070 3418 1253 3482 declamatio
1276 3417 1417 3500 accipiat.

323 3531 397 3594 Tale
427 3531 502 3614 quid
534 3530 675 3614 equidem
708 3550 861 3612 nusquam
894 3528 945 3592 hic
968 3527 1183 3612 deprehendo,
1207 3550 1263 3591 nec
1287 3526 1340 3589 alii
1367 3526 1419 3590 de-

324 3641 568 3727 prehenderunt,
593 3642 618 3704 si
642 3639 766 3704 recedas
790 3662 808 3702 a
830 3639 970 3717 Dobreo‚
996 3639 1047 3702 cui
1070 3639 1219 3702 transitus
1243 3637 1281 3702 ad
1297 3637 1415 3700 furtum

322 3753 338 3836 q
370 3753 410 3814 23
442 3752 534 3814 nimis
567 3751 717 3835 abruptus
745 3749 925 3826 videbatur3·
951 3748 1032 3812 idem
1056 3729 1158 3812 tamen
1182 3748 1214 3811 in
1239 3747 1416 3810 universum

323 3862 492 3925 orationem
528 3861 637 3944 probat
667 3860 718 3943 (cl.
751 3859 791 3922 ad
821 3859 890 3923 init.
923 3881 952 3942 p.
986 3861 1073 3942 255).
1121 3858 1160 3921 In
1191 3857 1315 3941 reliquis
1343 3863 1417 3920 sunt

323 3970 431 4034 acerba
455 3978 486 4034 et
509 3978 607 4035 acuta.
655 3967 727 4034 Non
752 3976 828 4033 sunt
850 3968 1022 4032 rhetoricae
1046 3967 1279 4032 declamationis
1303 3964 1416 4028 similia

323 4084 340 4166 q
373 4084 389 4145 t
421 4086 477 4144 τών
503 4085 625 4144 τοιοοῡτοι
647 4079 793 4155 λεγόντων
815 4103 843 4142 ιι.
867 4103 895 4144 τ.
920 4079 950 4154 ἕ,
974 4100 1053 4162 quae
1077 4100 1114 4141 ex
1137 4076 1283 4160 temporis
1307 4096 1413 4158 oppor-

323 4191 458 4255 tunitate
483 4189 591 4252 hausta
615 4188 730 4272 optime
747 4187 944 4251 illustrantur
968 4194 997 4250 et
1021 4185 1261 4271 comprobantur
1277 4185 1416 4248 oratione

325 4301 468 4365 vicesima
492 4301 617 4386 quinta;
640 4301 657 4383 q
685 4301 739 4363 13:
764 4299 837 4368 εἷιώς
861 4299 952 4364 τοίνυν
975 4299 1153 4375 ἕνθυμεῖοώοιι
1176 4323 1204 4363 κ.
1217 4322 1246 4362 τ.
1260 4298 1301 4374 ἑ.;
1321 4299 1413 4380 pta:

323 4414 368 4484 τίς
391 4409 437 4477 οὖν
458 4417 532 4486 τών,
556 4436 583 4474 κ.
606 4436 635 4474 τ.
660 4410 682 4473 ἑ.
721 4407 927 4479 Acerbissima
951 4414 1025 4472 sunt
1048 4407 1100 4472 sed
1126 4429 1196 4472 vera
1219 4429 1297 4492 quae
1318 4406 1356 4470 de
1372 4428 1416 4469 se-
