3074 5210
870 435 912 496 94

346 633 386 703 εἷς
408 631 458 696 τὸν
483 629 585 696 ἔπειτα
607 631 708 712 χρόνον
729 632 775 696 διὰ
794 631 908 704 τούτοις
924 633 1093 710 νίννετοιι
1109 633 1184 700 ἄλλο
1200 636 1217 712 ἣ
1232 637 1349 716 χαίρειν
1366 636 1438 719 (τὸν)
1518 663 1519 690 1

345 741 471 823 ἔχοντα,
495 741 551 806 ubi
572 739 628 806 κθιν
649 741 788 818 elyense
811 741 993 808 deteriorum
1018 745 1166 810 librorum
1189 753 1245 810 est.
1518 729 1519 738 J

389 851 434 916 Ut
457 851 660 917 Herwerdeno
682 852 736 916 illa
758 852 807 918 κοιί
820 851 880 918 θοίν.
894 857 961 920 ude.
974 879 1042 921 κοιτ.
1056 857 1099 920 sie
1111 855 1246 942 Kaysero
1263 879 1392 942 quoque
1404 857 1436 920 in
1518 885 1519 888 ¹

344 963 508 1048 Philologo
521 962 578 1027 XI.
592 986 622 1048 p.
638 965 700 1028 164
714 964 862 1048 quaedam
876 965 929 1030 sed
942 966 1001 1030 elia
1016 967 1050 1030 in
1065 967 1121 1032 hue
1137 968 1204 1052 ipse
1216 968 1352 1033 sectione
1365 986 1438 1052 sup*

344 1075 486 1160 positieie
516 1075 674 1153 videntum
704 1075 797 1160 vulgo
825 1077 906 1140 eninr
935 1076 1050 1162 legitur
1071 1078 1218 1158 φυγόντες
1240 1079 1300 1158 γὰρ
1327 1078 1437 1143 ἐνθένδε
1518 1117 1519 1128 ³

342 1187 391 1251 κοιί
415 1189 450 1252 οὐ
473 1185 743 1270 συλληφθέντες
766 1213 810 1266 νε
833 1187 910 1273 (MS.
935 1188 975 1273 dt)
1000 1189 1065 1254 ottd
1090 1189 1351 1268 ὑπομείναντες
1372 1191 1435 1265 πίον
1518 1193 1519 1256 3

342 1299 471 1380 κρίσιν,
505 1298 693 1370 κατελθόντες
724 1297 784 1362 dori
812 1300 1146 1390 peregrinemini&
1171 1301 1248 1374 ὑμῶν
1270 1303 1307 1372 ως
1332 1298 1434 1380 ἄνδρες
1518 1303 1519 1394 J

340 1409 446 1487 οἱνωθοὶ
469 1408 562 1491 θντες,
588 1409 620 1472 in
644 1409 755 1493 quibus
779 1409 871 1475 verbe
893 1409 1027 1474 diductis
1051 1410 1160 1474 litteris
1184 1434 1326 1496 expresse
1351 1412 1434 1476 eiioi·
1518 1435 1519 1472 1

342 1521 420 1586 ende
443 1526 541 1606 putet.
588 1519 698 1585 Fateor
728 1520 870 1606 equidem
899 1529 1001 1586 totum
1030 1522 1132 1587 loenm
1156 1546 1220 1588 esse
1245 1525 1411 1588 verbosum
1422 1551 1432 1602 ;
1518 1551 1519 1608 ι

341 1657 444 1700 verum
469 1635 512 1697 ite
535 1633 573 1698 ab
597 1644 716 1698 oratore
738 1632 879 1700 relietum
903 1657 967 1698 esse
991 1635 1156 1720 neglegens
1180 1643 1336 1701 structura
1353 1634 1433 1699 indi·

340 1769 407 1810 esre
437 1745 571 1828 videtun
615 1743 822 1809 Anaooluthie
851 1746 931 1810 enirn
962 1746 1059 1830 inest,
1093 1769 1185 1831 quem
1213 1747 1328 1812 frustra
1354 1747 1433 1812 Her-

338 1857 496 1924 werdenus
527 1855 603 1920 mihi
633 1877 786 1922 removere
817 1858 920 1922 conari
948 1857 1077 1922 videtur.
1124 1857 1174 1921 Ite
1197 1858 1356 1922 terminari
1381 1881 1430 1944 pe-

339 1968 443 2034 riodus
461 1967 591 2032 debebat
607 1969 630 2034 οί
651 1969 676 2032 δ’
689 1972 797 2040 αὐτῶν,
816 1969 1026 2050 περιγενόμενοι
1044 1969 1094 2035 rel
1114 1969 1264 2046 σωθέντες,
1277 1971 1429 2052 Φιινθνπες

338 2088 478 2158 πιμιῖινποιι
506 2080 557 2159 ὑφ’
588 2080 665 2158 ὑμῶν
687 2082 723 2154 ὡς
746 2078 843 2162 ἄνδρες
865 2081 971 2158 tyele>
994 2080 1081 2154 ὄντες.
1120 2080 1213 2146 Nune
1236 2082 1428 2168 interpositis
1518 2127 1519 2148 ι

337 2189 541 2276 quibusdem,
572 2191 604 2254 in
637 2190 749 2274 quibus
781 2193 798 2267 ἡ
829 2191 961 2272 δὲτθχοι
984 2191 1034 2256 nel
1057 2193 1070 2257 θ
1093 2192 1203 2270 θοιίμων
1225 2194 1425 2274 περιεποίησε,
1518 2223 1519 2272 1

337 2308 500 2388 postrema,
525 2323 602 2384 quae
626 2301 774 2386 spodosin
793 2301 908 2367 efficere
926 2301 1087 2380 debebant,
1102 2304 1240 2389 apposito
1256 2303 1315 2384 γθρ
1333 2301 1426 2368 simul

335 2419 481 2496 tanquam
505 2433 596 2474 eausa
618 2410 702 2476 illius
726 2411 809 2476 effeti
832 2413 1011 2492 offerentum
1036 2415 1069 2480 in
1092 2437 1153 2499 quo
1178 2437 1239 2479 non
1262 2415 1360 2499 magis
1385 2413 1427 2477 of·
1518 2413 1519 2432 ί

333 2523 426 2588 fendo
450 2544 540 2606 quem
564 2524 597 2586 in
621 2523 813 2608 oppositione
836 2526 967 2610 protasis
991 2533 1021 2589 et
1037 2525 1179 2611 spodosis
1196 2549 1249 2612 per
1264 2525 1309 2609 u,
1326 2549 1424 2610 quae,

334 2634 497 2720 praecipue
520 2642 590 2718 post
613 2631 711 2711 οὗτος,
735 2635 779 2698 ite
801 2635 943 2721 frequens
968 2644 1031 2715 est,
1057 2644 1092 2701 ut
1114 2659 1204 2702 nemo
1227 2637 1315 2702 fooile
1339 2639 1373 2702 in
1390 2657 1424 2699 ea

334 2745 483 2809 haesuros
507 2745 548 2810 sit
572 2745 628 2825 (sio
650 2746 734 2812 θλλθ
757 2745 851 2812 Isoer.
879 2751 929 2811 16.
955 2749 1019 2834 36).
1059 2747 1153 2829 Quod
1168 2749 1330 2833 proposuit
1346 2747 1425 2812 Her·

333 2854 490 2920 werdenus
513 2857 537 2920 οἱ
564 2857 588 2920 δ’
608 2858 702 2921 οιθτῶν
716 2845 939 2939 >περινίννοντωι
964 2860 1098 2931 σωθέντες
1123 2861 1188 2945 (eut
1211 2861 1289 2945 ἔνιοι)
1315 2881 1421 2925 omnes

333 2989 441 3031 nervos
465 2968 610 3033 orationis
636 2968 739 3046 elidit,
768 2970 944 3056 compositis
968 2993 1038 3036 eum
1060 2972 1084 3036 oi
1108 2973 1161 3050 μὲν
1180 2971 1268 3052 μείζω
1292 2974 1345 3047 τὴν
1369 2970 1420 3036 πθ·

332 3093 377 3143 λιν
400 3077 576 3158 παρέδοσαν,
600 3079 625 3142 οἱ
647 3079 676 3143 δὲ
699 3079 869 3145 οὐδεπώποθ’
891 3082 1026 3160 οθδεμίοον
1049 3083 1146 3148 οιίτίιιν
1166 3085 1293 3164 οθοχρθιν
1311 3081 1418 3164 ἔσχον,

332 3181 451 3273 frigidis
482 3188 543 3252 illis
567 3190 591 3254 οἱ
611 3191 641 3254 δὲ
663 3192 896 3271 περιγίγνονται,
921 3215 999 3277 quoe
1020 3195 1147 3259 minime
1170 3202 1264 3280 eaput
1285 3196 1329 3260 rei
1351 3217 1419 3259 eon-

331 3300 440 3364 tinent.
464 3339 509 3350 -
538 3301 628 3366 Doot.
661 3302 872 3382 Helbertsma,
903 3304 1068 3390 Bijdragen
1097 3313 1145 3370 tot
1175 3306 1213 3371 de
1235 3307 1344 3372 kennis
1366 3306 1419 3370 der

331 3409 581 3477 Nederlendsehe
605 3412 808 3498 Gymnesien,
836 3417 1071 3495 rste-1863,
1096 3440 1125 3502 p.
1147 3420 1209 3482 164
1230 3426 1349 3504 praeter
1365 3417 1417 3482 ille

332 3543 409 3605 qnae
432 3521 568 3608 Kaysero
592 3533 622 3590 et
645 3525 850 3592 llerwerdeno
873 3530 1032 3614 supposita
1047 3529 1207 3610 videntur,
1225 3532 1317 3595 etism
1334 3528 1416 3596 eiieit

329 3631 476 3709 Φυγόντες
507 3636 566 3717 γὰρ
596 3637 701 3704 ἐνθένδε
730 3639 789 3704 rel.
837 3639 918 3704 Mihi
947 3641 1089 3706 consulto
1121 3642 1282 3728 partieipia
1313 3664 1417 3708 eumu-

330 3743 407 3807 lesse
430 3744 552 3810 videtur
575 3744 685 3812 orator.

373 3856 464 3940 §tle
511 3856 615 3936 Tales,
641 3866 701 3924 tem
727 3863 863 3946 egregios
887 3863 983 3954 eires,
1008 3865 1109 3950 pergit
1131 3877 1251 3944 orator,
1270 3867 1327 3930 iste
1343 3866 1413 3929 hino

329 3965 447 4031 exsules
468 3966 570 4052 abegit
590 3970 743 4052 (φνγοίθιις
755 3973 881 4039 ἐντεῦθεν
892 3975 1006 4050 ε’ποίιιοε
1022 3976 1059 4039 ef.
1074 3998 1166 4060 supra
1177 3998 1246 4062 pag.
1262 3977 1333 4064 8J1);
1349 3976 1412 4060 ipse

328 4077 428 4161 qualis
448 4078 571 4143 tandem
591 4081 659 4145 est?
683 4082 813 4167 Oportet
832 4108 879 4150 me
892 4107 944 4149 vos
958 4087 1100 4152 certiores
1112 4089 1226 4166 faeere,
1244 4109 1364 4152 servum
1378 4084 1412 4149 il·
1518 4127 1519 4144 ι

327 4189 393 4254 lum
412 4197 443 4254 et
466 4212 503 4255 ex
526 4193 619 4256 servis
635 4204 743 4259 netum
758 4219 832 4262 esse.
856 4198 957 4280 Τοθπῳ
968 4199 1022 4277 μὲν
1033 4200 1092 4279 γὰρ
1104 4201 1200 4280 πατὴρ
1213 4195 1245 4274 ἦν
1256 4200 1410 4280 Eliadum,

327 4301 472 4377 ἐγένετο
500 4303 524 4367 δ’
552 4305 566 4368 ὁ
592 4305 762 4388 Εὐμάρης
790 4305 890 4382 οὗτος
913 4311 1133 4383 Νικοκλέους
1155 4310 1213 4376 κοιί
1238 4309 1413 4377 ’Λντικλὲ-“

326 4437 391 4484 ους.
438 4415 496 4478 Κοιί
522 4437 569 4491 μοι
592 4417 726 4493 &rddere
748 4419 899 4501 μθρτνρες.
937 4420 1066 4500 Vereor,
1095 4445 1133 4487 ne
1158 4421 1240 4487 idem
1262 4397 1316 4507 qui
1339 4444 1409 4508 pan-
