<?xml version="1.0" encoding="UTF-8"?>
<!DOCTYPE html PUBLIC "-//W3C//DTD XHTML 1.0 Transitional//EN"
    "http://www.w3.org/TR/xhtml1/DTD/xhtml1-transitional.dtd">
<html xmlns="http://www.w3.org/1999/xhtml" xml:lang="en" lang="en">
 <head>
  <title>
</title>
<meta http-equiv="Content-Type" content="text/html;charset=utf-8" />
  <meta name='ocr-system' content='tesseract 3.04.00' />
  <meta name='ocr-capabilities' content='ocr_page ocr_carea ocr_par ocr_line ocrx_word'/>
</head>
<body>
  <div class='ocr_page' id='page_1' title='image "./commentationesl02frangoog_0196.png"; bbox 0 0 3126 5210; ppageno 0'>
   <div class='ocr_carea' id='block_1_1' title="bbox 696 439 757 500">
    <p class='ocr_par' dir='ltr' id='par_1_1' title="bbox 696 439 757 500">
     <span class='ocr_line' id='line_1_1' title="bbox 696 439 757 500; baseline -0.016 0"><span class='ocrx_word' id='word_1_1' title='bbox 696 439 757 500; x_wconf 89' lang='grc'><strong>181</strong></span> 
     </span>
    </p>
   </div>
   <div class='ocr_carea' id='block_1_2' title="bbox 75 632 1270 4432">
    <p class='ocr_par' dir='ltr' id='par_1_2' title="bbox 75 632 1270 2776">
     <span class='ocr_line' id='line_1_2' title="bbox 174 632 1270 719; baseline 0.001 -20"><span class='ocrx_word' id='word_1_2' title='bbox 174 643 314 719; x_wconf 88' lang='lat' dir='ltr'><strong>peratum</strong></span> <span class='ocrx_word' id='word_1_3' title='bbox 346 637 404 713; x_wconf 89' lang='lat' dir='ltr'><strong>sit,</strong></span> <span class='ocrx_word' id='word_1_4' title='bbox 436 658 499 700; x_wconf 89' lang='lat' dir='ltr'><strong>non</strong></span> <span class='ocrx_word' id='word_1_5' title='bbox 530 633 730 719; x_wconf 81' lang='lat' dir='ltr'><strong>improbabile</strong></span> <span class='ocrx_word' id='word_1_6' title='bbox 760 640 816 697; x_wconf 89' lang='lat' dir='ltr'><strong>est.</strong></span> <span class='ocrx_word' id='word_1_7' title='bbox 862 632 922 696; x_wconf 87' lang='lat' dir='ltr'><strong>Sed</strong></span> <span class='ocrx_word' id='word_1_8' title='bbox 946 635 1106 718; x_wconf 83' lang='lat' dir='ltr'><strong>quaeritur</strong></span> <span class='ocrx_word' id='word_1_9' title='bbox 1128 635 1182 717; x_wconf 93' lang='lat' dir='ltr'><strong>qui</strong></span> <span class='ocrx_word' id='word_1_10' title='bbox 1207 636 1270 700; x_wconf 91' lang='lat' dir='ltr'><strong>sint</strong></span> 
     </span>
     <span class='ocr_line' id='line_1_3' title="bbox 173 741 1269 830; baseline 0.002 -22"><span class='ocrx_word' id='word_1_11' title='bbox 173 746 196 808; x_wconf 86' lang='grc' dir='ltr'><strong>οἱ</strong></span> <span class='ocrx_word' id='word_1_12' title='bbox 219 743 318 810; x_wconf 73' lang='grc' dir='ltr'><em>ἄλλοι.</em></span> <span class='ocrx_word' id='word_1_13' title='bbox 366 745 508 809; x_wconf 78' lang='lat' dir='ltr'>Fortasse</span> <span class='ocrx_word' id='word_1_14' title='bbox 532 743 727 809; x_wconf 88' lang='lat' dir='ltr'><strong>scribendum</strong></span> <span class='ocrx_word' id='word_1_15' title='bbox 750 741 799 807; x_wconf 78' lang='lat' dir='ltr'><strong>aul</strong></span> <span class='ocrx_word' id='word_1_16' title='bbox 826 741 892 814; x_wconf 85' lang='grc' dir='ltr'><em>τοὺς</em></span> <span class='ocrx_word' id='word_1_17' title='bbox 916 741 1025 814; x_wconf 71' lang='grc' dir='ltr'><em>ἄλλους</em></span> <span class='ocrx_word' id='word_1_18' title='bbox 1049 743 1069 806; x_wconf 89' lang='lat' dir='ltr'><strong>i.</strong></span> <span class='ocrx_word' id='word_1_19' title='bbox 1093 765 1118 808; x_wconf 85' lang='lat' dir='ltr'><strong>e.</strong></span> <span class='ocrx_word' id='word_1_20' title='bbox 1136 751 1164 808; x_wconf 80' lang='lat' dir='ltr'><strong>et</strong></span> <span class='ocrx_word' id='word_1_21' title='bbox 1182 768 1269 830; x_wconf 81' lang='lat' dir='ltr'><strong>prac-</strong></span> 
     </span>
     <span class='ocr_line' id='line_1_4' title="bbox 174 849 1269 939; baseline 0.002 -22"><span class='ocrx_word' id='word_1_22' title='bbox 174 859 266 918; x_wconf 77' lang='lat' dir='ltr'><strong>tcrcc.</strong></span> <span class='ocrx_word' id='word_1_23' title='bbox 314 855 439 919; x_wconf 79' lang='lat' dir='ltr'><strong>Centies</strong></span> <span class='ocrx_word' id='word_1_24' title='bbox 471 853 554 939; x_wconf 87' lang='lat' dir='ltr'><strong>apud</strong></span> <span class='ocrx_word' id='word_1_25' title='bbox 585 853 744 917; x_wconf 82' lang='lat' dir='ltr'><strong>Platonem</strong></span> <span class='ocrx_word' id='word_1_26' title='bbox 774 852 817 915; x_wconf 89' lang='lat' dir='ltr'><strong>sie</strong></span> <span class='ocrx_word' id='word_1_27' title='bbox 849 849 940 922; x_wconf 79' lang='grc' dir='ltr'><em>σίλλος</em></span> <span class='ocrx_word' id='word_1_28' title='bbox 964 859 1132 936; x_wconf 83' lang='lat' dir='ltr'><strong>usurpator</strong></span> <span class='ocrx_word' id='word_1_29' title='bbox 1155 862 1190 918; x_wconf 93' lang='lat' dir='ltr'><strong>ut</strong></span> <span class='ocrx_word' id='word_1_30' title='bbox 1214 855 1269 919; x_wconf 73' lang='grc' dir='ltr'><strong>ὑπὸ</strong></span> 
     </span>
     <span class='ocr_line' id='line_1_5' title="bbox 170 961 1267 1040; baseline 0.001 -14"><span class='ocrx_word' id='word_1_31' title='bbox 170 967 226 1026; x_wconf 87' lang='grc' dir='ltr'><strong>τῶν</strong></span> <span class='ocrx_word' id='word_1_32' title='bbox 258 969 384 1028; x_wconf 91' lang='grc' dir='ltr'><em>πολιτῶν</em></span> <span class='ocrx_word' id='word_1_33' title='bbox 413 963 463 1028; x_wconf 82' lang='grc' dir='ltr'><strong>καί</strong></span> <span class='ocrx_word' id='word_1_34' title='bbox 496 969 551 1028; x_wconf 88' lang='grc' dir='ltr'><strong>τῶν</strong></span> <span class='ocrx_word' id='word_1_35' title='bbox 582 962 682 1027; x_wconf 77' lang='grc' dir='ltr'><em>ἄλλον</em></span> <span class='ocrx_word' id='word_1_36' title='bbox 711 961 811 1037; x_wconf 77' lang='grc' dir='ltr'><em>ξένοιν,</em></span> <span class='ocrx_word' id='word_1_37' title='bbox 836 962 891 1025; x_wconf 81' lang='grc' dir='ltr'><strong>ὑπὸ</strong></span> <span class='ocrx_word' id='word_1_38' title='bbox 912 967 1000 1039; x_wconf 84' lang='grc' dir='ltr'><em>λιμοῦ</em></span> <span class='ocrx_word' id='word_1_39' title='bbox 1024 963 1073 1026; x_wconf 82' lang='grc' dir='ltr'><strong>καί</strong></span> <span class='ocrx_word' id='word_1_40' title='bbox 1095 971 1148 1038; x_wconf 76' lang='grc' dir='ltr'><em>της</em></span> <span class='ocrx_word' id='word_1_41' title='bbox 1171 961 1267 1040; x_wconf 81' lang='grc' dir='ltr'><em>οίλλης</em></span> 
     </span>
     <span class='ocr_line' id='line_1_6' title="bbox 171 1070 1267 1156; baseline 0.003 -21"><span class='ocrx_word' id='word_1_42' title='bbox 171 1071 295 1155; x_wconf 78' lang='grc' dir='ltr'><strong>οίρνίας,</strong></span> <span class='ocrx_word' id='word_1_43' title='bbox 329 1072 505 1152; x_wconf 69' lang='grc' dir='ltr'><strong>δημηγοριῶν</strong></span> <span class='ocrx_word' id='word_1_44' title='bbox 534 1072 584 1137; x_wconf 80' lang='grc' dir='ltr'><strong>καί</strong></span> <span class='ocrx_word' id='word_1_45' title='bbox 611 1077 667 1136; x_wconf 89' lang='grc' dir='ltr'><strong>τῶν</strong></span> <span class='ocrx_word' id='word_1_46' title='bbox 691 1071 791 1136; x_wconf 76' lang='grc' dir='ltr'><em>ἄλλων</em></span> <span class='ocrx_word' id='word_1_47' title='bbox 812 1071 911 1152; x_wconf 80' lang='grc' dir='ltr'><em>οίρχῶν</em></span> <span class='ocrx_word' id='word_1_48' title='bbox 935 1077 966 1134; x_wconf 90' lang='lat' dir='ltr'><strong>et</strong></span> <span class='ocrx_word' id='word_1_49' title='bbox 991 1070 1068 1148; x_wconf 89' lang='lat' dir='ltr'><strong>alia,</strong></span> <span class='ocrx_word' id='word_1_50' title='bbox 1092 1070 1267 1156; x_wconf 87' lang='lat' dir='ltr'><strong>dequibus</strong></span> 
     </span>
     <span class='ocr_line' id='line_1_7' title="bbox 171 1178 1266 1266; baseline 0 -22"><span class='ocrx_word' id='word_1_51' title='bbox 171 1180 264 1245; x_wconf 88' lang='lat' dir='ltr'><strong>multi</strong></span> <span class='ocrx_word' id='word_1_52' title='bbox 299 1188 445 1266; x_wconf 79' lang='lat' dir='ltr'><strong>egerunt3</strong></span> <span class='ocrx_word' id='word_1_53' title='bbox 481 1181 635 1266; x_wconf 82' lang='lat' dir='ltr'><strong>copiosius</strong></span> <span class='ocrx_word' id='word_1_54' title='bbox 670 1181 738 1244; x_wconf 85' lang='lat' dir='ltr'><strong>Ast.</strong></span> <span class='ocrx_word' id='word_1_55' title='bbox 775 1179 814 1242; x_wconf 87' lang='lat' dir='ltr'><strong>ad</strong></span> <span class='ocrx_word' id='word_1_56' title='bbox 844 1178 924 1243; x_wconf 87' lang='lat' dir='ltr'><strong>Plat.</strong></span> <span class='ocrx_word' id='word_1_57' title='bbox 957 1179 1086 1244; x_wconf 86' lang='lat' dir='ltr'><strong>Phaedr.</strong></span> <span class='ocrx_word' id='word_1_58' title='bbox 1121 1204 1151 1266; x_wconf 89' lang='lat' dir='ltr'><strong>p.</strong></span> <span class='ocrx_word' id='word_1_59' title='bbox 1184 1184 1266 1260; x_wconf 94' lang='grc'><strong>241,</strong></span> 
     </span>
     <span class='ocr_line' id='line_1_8' title="bbox 171 1286 1265 1375; baseline 0.005 -26"><span class='ocrx_word' id='word_1_60' title='bbox 171 1286 281 1353; x_wconf 83' lang='lat' dir='ltr'><strong>Stallb.</strong></span> <span class='ocrx_word' id='word_1_61' title='bbox 314 1289 354 1354; x_wconf 87' lang='lat' dir='ltr'><strong>ad</strong></span> <span class='ocrx_word' id='word_1_62' title='bbox 385 1290 503 1355; x_wconf 90' lang='lat' dir='ltr'><strong>Phileb.</strong></span> <span class='ocrx_word' id='word_1_63' title='bbox 535 1313 565 1375; x_wconf 90' lang='lat' dir='ltr'><strong>p.</strong></span> <span class='ocrx_word' id='word_1_64' title='bbox 591 1293 643 1354; x_wconf 89' lang='grc'><strong>36.</strong></span> <span class='ocrx_word' id='word_1_65' title='bbox 673 1289 712 1353; x_wconf 91' lang='lat' dir='ltr'><strong>D.</strong></span> <span class='ocrx_word' id='word_1_66' title='bbox 759 1286 819 1352; x_wconf 78' lang='lat' dir='ltr'><strong>sed</strong></span> <span class='ocrx_word' id='word_1_67' title='bbox 847 1289 939 1352; x_wconf 84' lang='lat' dir='ltr'><strong>etiam</strong></span> <span class='ocrx_word' id='word_1_68' title='bbox 962 1295 1081 1373; x_wconf 85' lang='lat' dir='ltr'><strong>praeter</strong></span> <span class='ocrx_word' id='word_1_69' title='bbox 1103 1287 1265 1355; x_wconf 79' lang='lat' dir='ltr'><strong>Platonem</strong></span> 
     </span>
     <span class='ocr_line' id='line_1_9' title="bbox 170 1395 1265 1484; baseline 0.005 -26"><span class='ocrx_word' id='word_1_70' title='bbox 170 1396 225 1460; x_wconf 88' lang='lat' dir='ltr'><strong>alii</strong></span> <span class='ocrx_word' id='word_1_71' title='bbox 249 1399 414 1484; x_wconf 86' lang='lat' dir='ltr'><strong>scriptores</strong></span> <span class='ocrx_word' id='word_1_72' title='bbox 438 1406 468 1464; x_wconf 91' lang='lat' dir='ltr'><strong>et</strong></span> <span class='ocrx_word' id='word_1_73' title='bbox 492 1406 599 1484; x_wconf 89' lang='lat' dir='ltr'><strong>poetae</strong></span> <span class='ocrx_word' id='word_1_74' title='bbox 623 1399 707 1462; x_wconf 84' lang='lat' dir='ltr'><strong>velut</strong></span> <span class='ocrx_word' id='word_1_75' title='bbox 722 1397 815 1483; x_wconf 83' lang='lat' dir='ltr'><strong>Sopb.</strong></span> <span class='ocrx_word' id='word_1_76' title='bbox 833 1395 871 1461; x_wconf 90' lang='grc' dir='ltr'><strong>Ο.</strong></span> <span class='ocrx_word' id='word_1_77' title='bbox 885 1396 920 1460; x_wconf 84' lang='grc' dir='ltr'><strong>Τ.</strong></span> <span class='ocrx_word' id='word_1_78' title='bbox 940 1399 969 1474; x_wconf 85' lang='grc'><strong>7,</strong></span> <span class='ocrx_word' id='word_1_79' title='bbox 986 1396 1061 1462; x_wconf 81' lang='lat' dir='ltr'><strong>Eur.</strong></span> <span class='ocrx_word' id='word_1_80' title='bbox 1079 1397 1162 1462; x_wconf 85' lang='lat' dir='ltr'><strong>Med.</strong></span> <span class='ocrx_word' id='word_1_81' title='bbox 1181 1402 1265 1478; x_wconf 89' lang='grc'><strong>291,</strong></span> 
     </span>
     <span class='ocr_line' id='line_1_10' title="bbox 170 1505 1265 1592; baseline 0.004 -23"><span class='ocrx_word' id='word_1_82' title='bbox 170 1505 252 1572; x_wconf 91' lang='lat' dir='ltr'><strong>Xen.</strong></span> <span class='ocrx_word' id='word_1_83' title='bbox 277 1507 339 1572; x_wconf 81' lang='lat' dir='ltr'><strong>GP.</strong></span> <span class='ocrx_word' id='word_1_84' title='bbox 364 1509 425 1573; x_wconf 92' lang='lat' dir='ltr'><strong>III.</strong></span> <span class='ocrx_word' id='word_1_85' title='bbox 452 1514 481 1574; x_wconf 82' lang='lat'><strong>3.</strong></span> <span class='ocrx_word' id='word_1_86' title='bbox 507 1513 567 1587; x_wconf 83' lang='grc'><strong>34,</strong></span> <span class='ocrx_word' id='word_1_87' title='bbox 594 1512 623 1572; x_wconf 92' lang='grc'><strong>2.</strong></span> <span class='ocrx_word' id='word_1_88' title='bbox 651 1510 709 1586; x_wconf 86' lang='grc'><strong>18,</strong></span> <span class='ocrx_word' id='word_1_89' title='bbox 734 1507 772 1572; x_wconf 84' lang='lat' dir='ltr'><strong>al.</strong></span> <span class='ocrx_word' id='word_1_90' title='bbox 812 1507 884 1592; x_wconf 79' lang='lat' dir='ltr'><strong>Lys.</strong></span> <span class='ocrx_word' id='word_1_91' title='bbox 904 1510 933 1573; x_wconf 85' lang='grc'><strong>7.</strong></span> <span class='ocrx_word' id='word_1_92' title='bbox 951 1508 1011 1571; x_wconf 79' lang='grc' dir='ltr'><strong>25ι</strong></span> <span class='ocrx_word' id='word_1_93' title='bbox 1035 1507 1129 1588; x_wconf 85' lang='grc' dir='ltr'><em>ῶσπερ</em></span> <span class='ocrx_word' id='word_1_94' title='bbox 1145 1507 1195 1572; x_wconf 83' lang='grc' dir='ltr'><strong>καί</strong></span> <span class='ocrx_word' id='word_1_95' title='bbox 1212 1511 1265 1584; x_wconf 70' lang='grc' dir='ltr'><strong>τῶν</strong></span> 
     </span>
     <span class='ocr_line' id='line_1_11' title="bbox 75 1616 1263 1710; baseline 0.005 -32"><span class='ocrx_word' id='word_1_96' title='bbox 75 1705 76 1710; x_wconf 11' lang='lat'>¹</span> <span class='ocrx_word' id='word_1_97' title='bbox 171 1617 301 1698; x_wconf 86' lang='grc' dir='ltr'><em>πατρίδα</em></span> <span class='ocrx_word' id='word_1_98' title='bbox 324 1617 375 1683; x_wconf 81' lang='grc' dir='ltr'><strong>καί</strong></span> <span class='ocrx_word' id='word_1_99' title='bbox 397 1621 449 1696; x_wconf 75' lang='grc' dir='ltr'><strong>την</strong></span> <span class='ocrx_word' id='word_1_100' title='bbox 471 1616 567 1693; x_wconf 85' lang='grc' dir='ltr'><strong>ίίλλην</strong></span> <span class='ocrx_word' id='word_1_101' title='bbox 591 1619 689 1684; x_wconf 81' lang='grc' dir='ltr'><em>οὐσίαν</em></span> <span class='ocrx_word' id='word_1_102' title='bbox 712 1626 743 1682; x_wconf 90' lang='lat' dir='ltr'><strong>et</strong></span> <span class='ocrx_word' id='word_1_103' title='bbox 767 1621 825 1682; x_wconf 78' lang='lat'><strong>32:</strong></span> <span class='ocrx_word' id='word_1_104' title='bbox 849 1616 908 1684; x_wconf 77' lang='grc' dir='ltr'><em>οὔτ’</em></span> <span class='ocrx_word' id='word_1_105' title='bbox 932 1617 968 1682; x_wconf 77' lang='grc' dir='ltr'><strong>ῶν</strong></span> <span class='ocrx_word' id='word_1_106' title='bbox 991 1618 1054 1698; x_wconf 81' lang='grc' dir='ltr'><em>περί</em></span> <span class='ocrx_word' id='word_1_107' title='bbox 1078 1626 1179 1702; x_wconf 74' lang='grc' dir='ltr'><em>φανῶς</em></span> <span class='ocrx_word' id='word_1_108' title='bbox 1203 1617 1263 1684; x_wconf 80' lang='grc' dir='ltr'><em>οὔτ’</em></span> 
     </span>
     <span class='ocr_line' id='line_1_12' title="bbox 171 1723 1266 1808; baseline 0.002 -20"><span class='ocrx_word' id='word_1_109' title='bbox 171 1723 208 1788; x_wconf 78' lang='grc' dir='ltr'><strong>ῶν</strong></span> <span class='ocrx_word' id='word_1_110' title='bbox 242 1726 305 1803; x_wconf 79' lang='grc' dir='ltr'><em>περί</em></span> <span class='ocrx_word' id='word_1_111' title='bbox 335 1735 388 1801; x_wconf 79' lang='grc' dir='ltr'><em>τῆς</em></span> <span class='ocrx_word' id='word_1_112' title='bbox 416 1726 512 1803; x_wconf 79' lang='grc' dir='ltr'><em>σίλλης</em></span> <span class='ocrx_word' id='word_1_113' title='bbox 542 1729 640 1799; x_wconf 81' lang='grc' dir='ltr'><em>οὐσίας</em></span> <span class='ocrx_word' id='word_1_114' title='bbox 673 1727 861 1808; x_wconf 71' lang='grc' dir='ltr'><em>ἠγωνιζόμην.</em></span> <span class='ocrx_word' id='word_1_115' title='bbox 897 1730 949 1791; x_wconf 89' lang='grc'><strong>26.</strong></span> <span class='ocrx_word' id='word_1_116' title='bbox 975 1731 1009 1791; x_wconf 84' lang='grc'><strong>9;</strong></span> <span class='ocrx_word' id='word_1_117' title='bbox 1034 1725 1053 1803; x_wconf 70' lang='grc' dir='ltr'><em>ἥ</em></span> <span class='ocrx_word' id='word_1_118' title='bbox 1076 1752 1109 1791; x_wconf 89' lang='grc' dir='ltr'><em>τε</em></span> <span class='ocrx_word' id='word_1_119' title='bbox 1132 1727 1266 1792; x_wconf 76' lang='grc' dir='ltr'><strong>πολιτεία</strong></span> 
     </span>
     <span class='ocr_line' id='line_1_13' title="bbox 172 1836 1266 1918; baseline 0.002 -20"><span class='ocrx_word' id='word_1_120' title='bbox 172 1836 223 1898; x_wconf 78' lang='grc' dir='ltr'><strong>καί</strong></span> <span class='ocrx_word' id='word_1_121' title='bbox 252 1837 286 1901; x_wconf 82' lang='grc' dir='ltr'><strong>τὸ</strong></span> <span class='ocrx_word' id='word_1_122' title='bbox 310 1836 386 1902; x_wconf 76' lang='grc' dir='ltr'><em>ἄλλο</em></span> <span class='ocrx_word' id='word_1_123' title='bbox 408 1839 514 1913; x_wconf 76' lang='grc' dir='ltr'><em>πλῆθος</em></span> <span class='ocrx_word' id='word_1_124' title='bbox 537 1839 571 1904; x_wconf 78' lang='grc' dir='ltr'><strong>τὸ</strong></span> <span class='ocrx_word' id='word_1_125' title='bbox 595 1837 727 1918; x_wconf 79' lang='grc' dir='ltr'><em>ὑμέτερον</em></span> <span class='ocrx_word' id='word_1_126' title='bbox 751 1837 884 1918; x_wconf 77' lang='grc' dir='ltr'><em>σώζεται.</em></span> <span class='ocrx_word' id='word_1_127' title='bbox 924 1839 975 1900; x_wconf 80' lang='lat'><strong>15.</strong></span> <span class='ocrx_word' id='word_1_128' title='bbox 1007 1839 1040 1900; x_wconf 83' lang='lat' dir='ltr'><strong>l:</strong></span> <span class='ocrx_word' id='word_1_129' title='bbox 1064 1841 1120 1901; x_wconf 85' lang='grc' dir='ltr'><strong>τῶν</strong></span> <span class='ocrx_word' id='word_1_130' title='bbox 1142 1860 1266 1916; x_wconf 89' lang='grc' dir='ltr'><em>στρατη-</em></span> 
     </span>
     <span class='ocr_line' id='line_1_14' title="bbox 172 1943 1265 2028; baseline 0.001 -20"><span class='ocrx_word' id='word_1_131' title='bbox 172 1949 233 2020; x_wconf 79' lang='grc' dir='ltr'><strong>νῶν</strong></span> <span class='ocrx_word' id='word_1_132' title='bbox 268 1945 386 2025; x_wconf 76' lang='grc' dir='ltr'><em>δέομαι,</em></span> <span class='ocrx_word' id='word_1_133' title='bbox 417 1947 480 2012; x_wconf 84' lang='grc' dir='ltr'><em>ε’πεί</em></span> <span class='ocrx_word' id='word_1_134' title='bbox 503 1947 551 2012; x_wconf 79' lang='grc' dir='ltr'><strong>καί</strong></span> <span class='ocrx_word' id='word_1_135' title='bbox 576 1949 604 2012; x_wconf 85' lang='grc' dir='ltr'><strong>ἕν</strong></span> <span class='ocrx_word' id='word_1_136' title='bbox 627 1957 664 2028; x_wconf 74' lang='grc' dir='ltr'><strong>τῇ</strong></span> <span class='ocrx_word' id='word_1_137' title='bbox 688 1944 768 2028; x_wconf 87' lang='grc' dir='ltr'><strong>ίίλλη</strong></span> <span class='ocrx_word' id='word_1_138' title='bbox 789 1949 870 2028; x_wconf 76' lang='grc' dir='ltr'><em>οίρχῇ</em></span> <span class='ocrx_word' id='word_1_139' title='bbox 894 1951 1004 2011; x_wconf 84' lang='grc' dir='ltr'><em>πολλοῦ</em></span> <span class='ocrx_word' id='word_1_140' title='bbox 1028 1943 1100 2021; x_wconf 80' lang='grc' dir='ltr'><em>οίξιοι</em></span> <span class='ocrx_word' id='word_1_141' title='bbox 1123 1954 1160 2026; x_wconf 75' lang='grc' dir='ltr'><strong>τῇ</strong></span> <span class='ocrx_word' id='word_1_142' title='bbox 1182 1945 1265 2009; x_wconf 77' lang='grc' dir='ltr'><em>πόλει</em></span> 
     </span>
     <span class='ocr_line' id='line_1_15' title="bbox 171 2052 1264 2138; baseline 0.004 -20"><span class='ocrx_word' id='word_1_143' title='bbox 171 2054 334 2138; x_wconf 75' lang='grc' dir='ltr'><em>γεγόνασι,</em></span> <span class='ocrx_word' id='word_1_144' title='bbox 366 2055 416 2119; x_wconf 81' lang='grc' dir='ltr'><strong>καί</strong></span> <span class='ocrx_word' id='word_1_145' title='bbox 453 2057 515 2138; x_wconf 73' lang='grc' dir='ltr'><em>περὶ</em></span> <span class='ocrx_word' id='word_1_146' title='bbox 544 2062 600 2122; x_wconf 88' lang='grc' dir='ltr'><strong>τῶν</strong></span> <span class='ocrx_word' id='word_1_147' title='bbox 626 2065 678 2131; x_wconf 75' lang='grc' dir='ltr'><em>τῆς</em></span> <span class='ocrx_word' id='word_1_148' title='bbox 702 2056 881 2134; x_wconf 82' lang='grc' dir='ltr'><em>οίστρατείας</em></span> <span class='ocrx_word' id='word_1_149' title='bbox 904 2061 1027 2137; x_wconf 74' lang='grc' dir='ltr'><em>γραφῶν</em></span> <span class='ocrx_word' id='word_1_150' title='bbox 1051 2057 1155 2127; x_wconf 85' lang='grc' dir='ltr'><em>κοινοὺς</em></span> <span class='ocrx_word' id='word_1_151' title='bbox 1181 2052 1264 2122; x_wconf 82' lang='grc' dir='ltr'><em>εἶναι.</em></span> 
     </span>
     <span class='ocr_line' id='line_1_16' title="bbox 171 2162 1264 2251; baseline 0.004 -26"><span class='ocrx_word' id='word_1_152' title='bbox 171 2162 253 2228; x_wconf 81' lang='lat' dir='ltr'><strong>Add.</strong></span> <span class='ocrx_word' id='word_1_153' title='bbox 289 2166 318 2228; x_wconf 93' lang='grc'><strong>1.</strong></span> <span class='ocrx_word' id='word_1_154' title='bbox 344 2167 374 2229; x_wconf 90' lang='grc'><strong>4.</strong></span> <span class='ocrx_word' id='word_1_155' title='bbox 421 2166 479 2230; x_wconf 87' lang='lat' dir='ltr'><strong>Per</strong></span> <span class='ocrx_word' id='word_1_156' title='bbox 509 2167 588 2230; x_wconf 84' lang='lat' dir='ltr'><strong>hune</strong></span> <span class='ocrx_word' id='word_1_157' title='bbox 619 2167 791 2230; x_wconf 87' lang='lat' dir='ltr'><strong>iuncturam</strong></span> <span class='ocrx_word' id='word_1_158' title='bbox 825 2165 1015 2249; x_wconf 86' lang='lat' dir='ltr'><strong>significatur</strong></span> <span class='ocrx_word' id='word_1_159' title='bbox 1045 2186 1108 2228; x_wconf 93' lang='lat' dir='ltr'><strong>uno</strong></span> <span class='ocrx_word' id='word_1_160' title='bbox 1139 2164 1264 2251; x_wconf 90' lang='lat' dir='ltr'><strong>quidem</strong></span> 
     </span>
     <span class='ocr_line' id='line_1_17' title="bbox 170 2273 1265 2360; baseline 0.001 -24"><span class='ocrx_word' id='word_1_161' title='bbox 170 2274 295 2337; x_wconf 91' lang='lat' dir='ltr'><strong>nomine</strong></span> <span class='ocrx_word' id='word_1_162' title='bbox 326 2294 373 2337; x_wconf 89' lang='lat' dir='ltr'><strong>res</strong></span> <span class='ocrx_word' id='word_1_163' title='bbox 405 2275 580 2360; x_wconf 82' lang='lat' dir='ltr'><strong>ceteroquin</strong></span> <span class='ocrx_word' id='word_1_164' title='bbox 613 2275 747 2339; x_wconf 86' lang='lat' dir='ltr'><strong>diversas</strong></span> <span class='ocrx_word' id='word_1_165' title='bbox 778 2275 859 2338; x_wconf 87' lang='lat' dir='ltr'><strong>inter</strong></span> <span class='ocrx_word' id='word_1_166' title='bbox 889 2297 921 2338; x_wconf 89' lang='lat' dir='ltr'><strong>se</strong></span> <span class='ocrx_word' id='word_1_167' title='bbox 953 2273 1066 2338; x_wconf 86' lang='lat' dir='ltr'><strong>similes</strong></span> <span class='ocrx_word' id='word_1_168' title='bbox 1095 2275 1208 2350; x_wconf 84' lang='lat' dir='ltr'><strong>fuisse,</strong></span> <span class='ocrx_word' id='word_1_169' title='bbox 1234 2280 1265 2338; x_wconf 92' lang='lat' dir='ltr'><strong>et</strong></span> 
     </span>
     <span class='ocr_line' id='line_1_18' title="bbox 172 2383 1266 2467; baseline 0.001 -22"><span class='ocrx_word' id='word_1_170' title='bbox 172 2390 242 2466; x_wconf 88' lang='lat' dir='ltr'><strong>apte</strong></span> <span class='ocrx_word' id='word_1_171' title='bbox 272 2405 343 2446; x_wconf 90' lang='lat' dir='ltr'><strong>eum</strong></span> <span class='ocrx_word' id='word_1_172' title='bbox 372 2383 573 2467; x_wconf 87' lang='lat' dir='ltr'><strong>promissione</strong></span> <span class='ocrx_word' id='word_1_173' title='bbox 597 2384 702 2448; x_wconf 86' lang='lat' dir='ltr'><strong>veniae</strong></span> <span class='ocrx_word' id='word_1_174' title='bbox 726 2390 756 2447; x_wconf 92' lang='lat' dir='ltr'><strong>et</strong></span> <span class='ocrx_word' id='word_1_175' title='bbox 778 2383 945 2460; x_wconf 84' lang='grc' dir='ltr'><em>οίρινηστίας</em></span> <span class='ocrx_word' id='word_1_176' title='bbox 970 2383 1110 2447; x_wconf 84' lang='lat' dir='ltr'><strong>exulibus</strong></span> <span class='ocrx_word' id='word_1_177' title='bbox 1135 2388 1165 2446; x_wconf 90' lang='lat' dir='ltr'><strong>et</strong></span> <span class='ocrx_word' id='word_1_178' title='bbox 1189 2383 1266 2446; x_wconf 87' lang='lat' dir='ltr'><strong>iuf-</strong></span> 
     </span>
     <span class='ocr_line' id='line_1_19' title="bbox 173 2491 1264 2577; baseline 0.001 -23"><span class='ocrx_word' id='word_1_179' title='bbox 173 2491 275 2555; x_wconf 90' lang='lat' dir='ltr'><strong>mibus</strong></span> <span class='ocrx_word' id='word_1_180' title='bbox 309 2491 380 2556; x_wconf 83' lang='lat' dir='ltr'><strong>data</strong></span> <span class='ocrx_word' id='word_1_181' title='bbox 409 2515 462 2577; x_wconf 88' lang='lat' dir='ltr'><strong>per</strong></span> <span class='ocrx_word' id='word_1_182' title='bbox 493 2491 584 2564; x_wconf 82' lang='grc' dir='ltr'><em>ῶλλος</em></span> <span class='ocrx_word' id='word_1_183' title='bbox 616 2492 778 2577; x_wconf 89' lang='lat' dir='ltr'><strong>copulatur</strong></span> <span class='ocrx_word' id='word_1_184' title='bbox 808 2492 887 2556; x_wconf 88' lang='lat' dir='ltr'><strong>illud</strong></span> <span class='ocrx_word' id='word_1_185' title='bbox 917 2499 1026 2556; x_wconf 90' lang='lat' dir='ltr'><strong>notum</strong></span> <span class='ocrx_word' id='word_1_186' title='bbox 1049 2492 1264 2556; x_wconf 85' lang='lat' dir='ltr'><strong>iusiurandum</strong></span> 
     </span>
     <span class='ocr_line' id='line_1_20' title="bbox 175 2601 1263 2686; baseline 0.001 -22"><span class='ocrx_word' id='word_1_187' title='bbox 175 2601 226 2682; x_wconf 86' lang='lat' dir='ltr'><strong>(cf.</strong></span> <span class='ocrx_word' id='word_1_188' title='bbox 251 2601 333 2666; x_wconf 87' lang='lat' dir='ltr'><strong>And.</strong></span> <span class='ocrx_word' id='word_1_189' title='bbox 358 2602 378 2665; x_wconf 93' lang='lat' dir='ltr'><strong>l.</strong></span> <span class='ocrx_word' id='word_1_190' title='bbox 403 2601 437 2686; x_wconf 86' lang='lat' dir='ltr'><strong>l.)</strong></span> <span class='ocrx_word' id='word_1_191' title='bbox 462 2601 544 2686; x_wconf 87' lang='lat' dir='ltr'><strong>quod</strong></span> <span class='ocrx_word' id='word_1_192' title='bbox 569 2601 708 2666; x_wconf 90' lang='lat' dir='ltr'><strong>similiter</strong></span> <span class='ocrx_word' id='word_1_193' title='bbox 732 2601 945 2666; x_wconf 86' lang='lat' dir='ltr'><strong>conciliatione</strong></span> <span class='ocrx_word' id='word_1_194' title='bbox 968 2602 1046 2665; x_wconf 85' lang='lat' dir='ltr'><strong>vires</strong></span> <span class='ocrx_word' id='word_1_195' title='bbox 1070 2601 1263 2666; x_wconf 86' lang='lat' dir='ltr'><strong>obsessorum</strong></span> 
     </span>
     <span class='ocr_line' id='line_1_21' title="bbox 174 2717 434 2776; baseline 0.015 -4"><span class='ocrx_word' id='word_1_196' title='bbox 174 2717 337 2774; x_wconf 87' lang='lat' dir='ltr'><strong>aucturum</strong></span> <span class='ocrx_word' id='word_1_197' title='bbox 360 2717 434 2776; x_wconf 88' lang='lat' dir='ltr'><strong>erat.</strong></span> 
     </span>
    </p>

    <p class='ocr_par' dir='ltr' id='par_1_3' title="bbox 172 2818 1268 4432">
     <span class='ocr_line' id='line_1_22' title="bbox 219 2818 1265 2904; baseline 0.002 -23"><span class='ocrx_word' id='word_1_198' title='bbox 219 2821 311 2904; x_wconf 59' lang='grc'><strong>428.</strong></span> <span class='ocrx_word' id='word_1_199' title='bbox 358 2819 503 2891; x_wconf 89' lang='grc' dir='ltr'><em>πολλοίκις</em></span> <span class='ocrx_word' id='word_1_200' title='bbox 534 2820 585 2895; x_wconf 80' lang='grc' dir='ltr'><strong>ἤδη</strong></span> <span class='ocrx_word' id='word_1_201' title='bbox 618 2821 658 2900; x_wconf 82' lang='grc' dir='ltr'><strong>τῷ</strong></span> <span class='ocrx_word' id='word_1_202' title='bbox 686 2818 812 2899; x_wconf 74' lang='grc' dir='ltr'><em>ὑμετέρῳ</em></span> <span class='ocrx_word' id='word_1_203' title='bbox 843 2820 945 2894; x_wconf 70' lang='grc' dir='ltr'><em>πλήθει</em></span> <span class='ocrx_word' id='word_1_204' title='bbox 970 2819 1186 2886; x_wconf 73' lang='grc' dir='ltr'><strong>διεκελεύσαντο</strong></span> <span class='ocrx_word' id='word_1_205' title='bbox 1210 2820 1265 2902; x_wconf 89' lang='lat' dir='ltr'><strong>(sic</strong></span> 
     </span>
     <span class='ocr_line' id='line_1_23' title="bbox 175 2925 1262 3012; baseline 0.003 -22"><span class='ocrx_word' id='word_1_206' title='bbox 175 2928 294 3011; x_wconf 85' lang='lat' dir='ltr'><strong>egregie</strong></span> <span class='ocrx_word' id='word_1_207' title='bbox 327 2928 447 3012; x_wconf 81' lang='lat' dir='ltr'><strong>Taylor.</strong></span> <span class='ocrx_word' id='word_1_208' title='bbox 472 2950 527 3012; x_wconf 89' lang='lat' dir='ltr'><strong>pro</strong></span> <span class='ocrx_word' id='word_1_209' title='bbox 551 2929 731 3011; x_wconf 71' lang='grc' dir='ltr'><strong>διελύσαντο)</strong></span> <span class='ocrx_word' id='word_1_210' title='bbox 754 2935 814 2999; x_wconf 80' lang='grc' dir='ltr'><em>τοῖς</em></span> <span class='ocrx_word' id='word_1_211' title='bbox 837 2925 924 3009; x_wconf 74' lang='grc' dir='ltr'><em>ὅρκοις</em></span> <span class='ocrx_word' id='word_1_212' title='bbox 948 2929 996 2992; x_wconf 81' lang='grc' dir='ltr'><strong>καί</strong></span> <span class='ocrx_word' id='word_1_213' title='bbox 1020 2936 1088 3000; x_wconf 82' lang='grc' dir='ltr'><em>ταῖς</em></span> <span class='ocrx_word' id='word_1_214' title='bbox 1110 2930 1262 3003; x_wconf 74' lang='grc' dir='ltr'><strong>συνθήκαις</strong></span> 
     </span>
     <span class='ocr_line' id='line_1_24' title="bbox 175 3034 1266 3118; baseline 0.002 -18"><span class='ocrx_word' id='word_1_215' title='bbox 175 3037 325 3111; x_wconf 82' lang='grc' dir='ltr'><em>ε’ροριένειν·</em></span> <span class='ocrx_word' id='word_1_216' title='bbox 350 3075 395 3084; x_wconf 89' lang='grc'><strong>-</strong></span> <span class='ocrx_word' id='word_1_217' title='bbox 416 3045 477 3109; x_wconf 82' lang='grc' dir='ltr'><em>τοῖς</em></span> <span class='ocrx_word' id='word_1_218' title='bbox 507 3038 561 3114; x_wconf 73' lang='grc' dir='ltr'><strong>μὲν</strong></span> <span class='ocrx_word' id='word_1_219' title='bbox 591 3037 651 3118; x_wconf 74' lang='grc' dir='ltr'><strong>γαρ</strong></span> <span class='ocrx_word' id='word_1_220' title='bbox 674 3036 707 3112; x_wconf 75' lang='grc' dir='ltr'><strong>ἕξ</strong></span> <span class='ocrx_word' id='word_1_221' title='bbox 729 3034 833 3109; x_wconf 79' lang='grc' dir='ltr'><em>οίστεος</em></span> <span class='ocrx_word' id='word_1_222' title='bbox 858 3038 927 3117; x_wconf 78' lang='grc' dir='ltr'><em>ὑπὲρ</em></span> <span class='ocrx_word' id='word_1_223' title='bbox 950 3043 1005 3102; x_wconf 86' lang='grc' dir='ltr'><strong>τῶν</strong></span> <span class='ocrx_word' id='word_1_224' title='bbox 1027 3037 1266 3117; x_wconf 79' lang='grc' dir='ltr'><em>παρεληλυθότων</em></span> 
     </span>
     <span class='ocr_line' id='line_1_25' title="bbox 174 3143 1268 3226; baseline 0 -17"><span class='ocrx_word' id='word_1_225' title='bbox 174 3143 273 3210; x_wconf 80' lang='grc' dir='ltr'><em>ῶδειαν</em></span> <span class='ocrx_word' id='word_1_226' title='bbox 303 3146 444 3222; x_wconf 74' lang='grc' dir='ltr'><em>ποιήσειν,</em></span> <span class='ocrx_word' id='word_1_227' title='bbox 474 3155 550 3217; x_wconf 73' lang='grc' dir='ltr'><em>τοῖς</em></span> <span class='ocrx_word' id='word_1_228' title='bbox 581 3146 665 3209; x_wconf 84' lang='grc' dir='ltr'><em>δ’ἐκ</em></span> <span class='ocrx_word' id='word_1_229' title='bbox 688 3151 862 3226; x_wconf 76' lang='grc' dir='ltr'><strong>Πειραιῶς</strong></span> <span class='ocrx_word' id='word_1_230' title='bbox 886 3145 971 3210; x_wconf 70' lang='lat' dir='ltr'><strong>crire</strong></span> <span class='ocrx_word' id='word_1_231' title='bbox 995 3154 1167 3210; x_wconf 78' lang='grc' dir='ltr'><em>πλεῖστον</em></span> <span class='ocrx_word' id='word_1_232' title='bbox 1190 3145 1268 3225; x_wconf 76' lang='grc' dir='ltr'><strong><em>χρί-</em></strong></span> 
     </span>
     <span class='ocr_line' id='line_1_26' title="bbox 174 3254 1266 3338; baseline -0.001 -19"><span class='ocrx_word' id='word_1_233' title='bbox 174 3279 227 3321; x_wconf 93' lang='grc' dir='ltr'><strong>νον</strong></span> <span class='ocrx_word' id='word_1_234' title='bbox 249 3257 311 3330; x_wconf 77' lang='grc' dir='ltr'><strong>την</strong></span> <span class='ocrx_word' id='word_1_235' title='bbox 333 3255 524 3321; x_wconf 88' lang='grc' dir='ltr'><em>πολιτείαν</em></span> <span class='ocrx_word' id='word_1_236' title='bbox 547 3254 588 3320; x_wconf 81' lang='grc' dir='ltr'><strong>ίον</strong></span> <span class='ocrx_word' id='word_1_237' title='bbox 612 3263 854 3335; x_wconf 81' lang='grc' dir='ltr'><em>παραμεῖναι.</em></span> <span class='ocrx_word' id='word_1_238' title='bbox 899 3255 1001 3338; x_wconf 86' lang='lat' dir='ltr'><strong>Igitur</strong></span> <span class='ocrx_word' id='word_1_239' title='bbox 1024 3255 1127 3319; x_wconf 87' lang='lat' dir='ltr'><strong>exules</strong></span> <span class='ocrx_word' id='word_1_240' title='bbox 1151 3255 1210 3318; x_wconf 90' lang='lat' dir='ltr'><strong>soli</strong></span> <span class='ocrx_word' id='word_1_241' title='bbox 1231 3256 1266 3337; x_wconf 82' lang='grc' dir='ltr'><strong>(οἱ</strong></span> 
     </span>
     <span class='ocr_line' id='line_1_27' title="bbox 173 3363 1267 3449; baseline -0.003 -20"><span class='ocrx_word' id='word_1_242' title='bbox 173 3366 206 3429; x_wconf 80' lang='grc' dir='ltr'><strong>ἐκ</strong></span> <span class='ocrx_word' id='word_1_243' title='bbox 235 3367 384 3449; x_wconf 78' lang='grc' dir='ltr'><em>Πειραιῶς)</em></span> <span class='ocrx_word' id='word_1_244' title='bbox 407 3365 504 3429; x_wconf 85' lang='lat' dir='ltr'><strong>libera</strong></span> <span class='ocrx_word' id='word_1_245' title='bbox 526 3364 708 3429; x_wconf 85' lang='lat' dir='ltr'><strong>fruebantur</strong></span> <span class='ocrx_word' id='word_1_246' title='bbox 731 3363 878 3428; x_wconf 82' lang='lat' dir='ltr'><strong>civitate?</strong></span> <span class='ocrx_word' id='word_1_247' title='bbox 924 3365 973 3427; x_wconf 82' lang='lat' dir='ltr'><strong>An</strong></span> <span class='ocrx_word' id='word_1_248' title='bbox 998 3363 1132 3432; x_wconf 89' lang='grc' dir='ltr'><em>πολιτεία</em></span> <span class='ocrx_word' id='word_1_249' title='bbox 1157 3371 1203 3428; x_wconf 91' lang='lat' dir='ltr'><strong>est</strong></span> <span class='ocrx_word' id='word_1_250' title='bbox 1226 3364 1267 3427; x_wconf 91' lang='lat' dir='ltr'><strong>ci·</strong></span> 
     </span>
     <span class='ocr_line' id='line_1_28' title="bbox 174 3472 1264 3552; baseline 0.002 -16"><span class='ocrx_word' id='word_1_251' title='bbox 174 3474 275 3538; x_wconf 86' lang='lat' dir='ltr'><strong>vitatis</strong></span> <span class='ocrx_word' id='word_1_252' title='bbox 299 3472 547 3537; x_wconf 84' lang='lat' dir='ltr'><strong>administratio?</strong></span> <span class='ocrx_word' id='word_1_253' title='bbox 583 3473 700 3537; x_wconf 85' lang='lat' dir='ltr'><strong>Verum</strong></span> <span class='ocrx_word' id='word_1_254' title='bbox 723 3473 797 3537; x_wconf 90' lang='lat' dir='ltr'><strong>haec</strong></span> <span class='ocrx_word' id='word_1_255' title='bbox 816 3495 879 3537; x_wconf 92' lang='lat' dir='ltr'><strong>nou</strong></span> <span class='ocrx_word' id='word_1_256' title='bbox 900 3479 964 3537; x_wconf 86' lang='lat' dir='ltr'><strong>erut</strong></span> <span class='ocrx_word' id='word_1_257' title='bbox 984 3480 1040 3538; x_wconf 87' lang='grc' dir='ltr'><strong>τῶν</strong></span> <span class='ocrx_word' id='word_1_258' title='bbox 1061 3475 1093 3538; x_wconf 80' lang='grc' dir='ltr'><strong>ἐκ</strong></span> <span class='ocrx_word' id='word_1_259' title='bbox 1108 3479 1264 3552; x_wconf 84' lang='grc' dir='ltr'><em>Πειραιῶς,</em></span> 
     </span>
     <span class='ocr_line' id='line_1_29' title="bbox 174 3581 1266 3666; baseline -0.001 -20"><span class='ocrx_word' id='word_1_260' title='bbox 174 3583 226 3646; x_wconf 86' lang='lat' dir='ltr'><strong>sed</strong></span> <span class='ocrx_word' id='word_1_261' title='bbox 255 3583 393 3646; x_wconf 90' lang='lat' dir='ltr'><strong>omnium</strong></span> <span class='ocrx_word' id='word_1_262' title='bbox 425 3583 613 3666; x_wconf 83' lang='lat' dir='ltr'><strong>promiscue3</strong></span> <span class='ocrx_word' id='word_1_263' title='bbox 643 3581 736 3665; x_wconf 90' lang='lat' dir='ltr'><strong>idque</strong></span> <span class='ocrx_word' id='word_1_264' title='bbox 769 3604 960 3666; x_wconf 91' lang='lat' dir='ltr'><strong>summopere</strong></span> <span class='ocrx_word' id='word_1_265' title='bbox 984 3604 1087 3646; x_wconf 83' lang='lat' dir='ltr'><strong>cavere</strong></span> <span class='ocrx_word' id='word_1_266' title='bbox 1110 3582 1179 3646; x_wconf 89' lang='lat' dir='ltr'><strong>vult</strong></span> <span class='ocrx_word' id='word_1_267' title='bbox 1202 3604 1266 3645; x_wconf 90' lang='lat' dir='ltr'><strong>ora·</strong></span> 
     </span>
     <span class='ocr_line' id='line_1_30' title="bbox 173 3691 1266 3777; baseline -0.002 -21"><span class='ocrx_word' id='word_1_268' title='bbox 173 3699 221 3756; x_wconf 88' lang='lat' dir='ltr'><strong>tor</strong></span> <span class='ocrx_word' id='word_1_269' title='bbox 243 3716 283 3756; x_wconf 94' lang='lat' dir='ltr'><strong>ne</strong></span> <span class='ocrx_word' id='word_1_270' title='bbox 307 3693 339 3756; x_wconf 95' lang='lat' dir='ltr'><strong>hi</strong></span> <span class='ocrx_word' id='word_1_271' title='bbox 363 3693 420 3756; x_wconf 91' lang='lat' dir='ltr'><strong>soli</strong></span> <span class='ocrx_word' id='word_1_272' title='bbox 443 3692 661 3777; x_wconf 85' lang='lat' dir='ltr'><strong>rempublicam</strong></span> <span class='ocrx_word' id='word_1_273' title='bbox 685 3698 810 3756; x_wconf 84' lang='lat' dir='ltr'><strong>teneant</strong></span> <span class='ocrx_word' id='word_1_274' title='bbox 817 3718 826 3770; x_wconf 82' lang='lat'>3</span> <span class='ocrx_word' id='word_1_275' title='bbox 852 3693 889 3755; x_wconf 84' lang='lat' dir='ltr'><strong>cf.</strong></span> <span class='ocrx_word' id='word_1_276' title='bbox 914 3695 999 3776; x_wconf 63' lang='grc' dir='ltr'><strong>ξ23.</strong></span> <span class='ocrx_word' id='word_1_277' title='bbox 1030 3691 1110 3756; x_wconf 84' lang='lat' dir='ltr'><strong>Vide</strong></span> <span class='ocrx_word' id='word_1_278' title='bbox 1125 3714 1199 3756; x_wconf 89' lang='lat' dir='ltr'><strong>num</strong></span> <span class='ocrx_word' id='word_1_279' title='bbox 1217 3714 1266 3756; x_wconf 87' lang='lat' dir='ltr'><strong>ex-</strong></span> 
     </span>
     <span class='ocr_line' id='line_1_31' title="bbox 173 3799 1268 3886; baseline 0.001 -21"><span class='ocrx_word' id='word_1_280' title='bbox 173 3802 281 3866; x_wconf 87' lang='lat' dir='ltr'><strong>ciderit</strong></span> <span class='ocrx_word' id='word_1_281' title='bbox 304 3800 420 3884; x_wconf 83' lang='lat' dir='ltr'><strong>aliquid</strong></span> <span class='ocrx_word' id='word_1_282' title='bbox 444 3809 516 3886; x_wconf 89' lang='lat' dir='ltr'><strong>post</strong></span> <span class='ocrx_word' id='word_1_283' title='bbox 538 3799 627 3885; x_wconf 82' lang='grc' dir='ltr'><strong>οἷίτοο,</strong></span> <span class='ocrx_word' id='word_1_284' title='bbox 653 3801 714 3864; x_wconf 88' lang='lat' dir='ltr'><strong>tale</strong></span> <span class='ocrx_word' id='word_1_285' title='bbox 736 3801 812 3886; x_wconf 88' lang='lat' dir='ltr'><strong>quid</strong></span> <span class='ocrx_word' id='word_1_286' title='bbox 831 3809 890 3872; x_wconf 83' lang='grc' dir='ltr'><em>τοῖς</em></span> <span class='ocrx_word' id='word_1_287' title='bbox 914 3801 939 3864; x_wconf 87' lang='grc' dir='ltr'><strong>δ’</strong></span> <span class='ocrx_word' id='word_1_288' title='bbox 961 3802 993 3865; x_wconf 84' lang='grc' dir='ltr'><strong>ἐκ</strong></span> <span class='ocrx_word' id='word_1_289' title='bbox 1013 3812 1050 3866; x_wconf 91' lang='grc' dir='ltr'><strong>Π.</strong></span> <span class='ocrx_word' id='word_1_290' title='bbox 1072 3799 1142 3865; x_wconf 79' lang='grc' dir='ltr'><em>οὕτω</em></span> <span class='ocrx_word' id='word_1_291' title='bbox 1167 3802 1268 3866; x_wconf 88' lang='grc' dir='ltr'><em>πλεί-</em></span> 
     </span>
     <span class='ocr_line' id='line_1_32' title="bbox 172 3910 1266 3990; baseline 0.001 -16"><span class='ocrx_word' id='word_1_292' title='bbox 172 3936 261 3986; x_wconf 89' lang='grc' dir='ltr'><em>στην</em></span> <span class='ocrx_word' id='word_1_293' title='bbox 284 3911 392 3988; x_wconf 69' lang='grc' dir='ltr'><em>τιμῶν</em></span> <span class='ocrx_word' id='word_1_294' title='bbox 416 3911 734 3990; x_wconf 78' lang='grc' dir='ltr'><em>προςνεννίσεσίαι</em></span> <span class='ocrx_word' id='word_1_295' title='bbox 754 3910 814 3974; x_wconf 80' lang='grc' dir='ltr'><strong>καί</strong></span> <span class='ocrx_word' id='word_1_296' title='bbox 836 3918 973 3975; x_wconf 80' lang='grc' dir='ltr'><em>πλεῖστον</em></span> <span class='ocrx_word' id='word_1_297' title='bbox 991 3910 1091 3990; x_wconf 77' lang='grc' dir='ltr'><em>χρόνον</em></span> <span class='ocrx_word' id='word_1_298' title='bbox 1103 3935 1130 3974; x_wconf 91' lang='grc' dir='ltr'><strong>κ.</strong></span> <span class='ocrx_word' id='word_1_299' title='bbox 1143 3936 1171 3977; x_wconf 91' lang='grc' dir='ltr'><strong>τ.</strong></span> <span class='ocrx_word' id='word_1_300' title='bbox 1185 3911 1266 3975; x_wconf 81' lang='grc' dir='ltr'><strong>ἓ.-</strong></span> 
     </span>
     <span class='ocr_line' id='line_1_33' title="bbox 174 4018 1265 4104; baseline -0.001 -21"><span class='ocrx_word' id='word_1_301' title='bbox 174 4018 319 4083; x_wconf 85' lang='lat' dir='ltr'><strong>Oeterum</strong></span> <span class='ocrx_word' id='word_1_302' title='bbox 342 4041 379 4082; x_wconf 84' lang='lat' dir='ltr'><strong>ex</strong></span> <span class='ocrx_word' id='word_1_303' title='bbox 402 4019 501 4083; x_wconf 92' lang='lat' dir='ltr'><strong>verbis</strong></span> <span class='ocrx_word' id='word_1_304' title='bbox 524 4018 670 4090; x_wconf 86' lang='grc' dir='ltr'><em>πολλοίκις</em></span> <span class='ocrx_word' id='word_1_305' title='bbox 694 4019 745 4094; x_wconf 76' lang='grc' dir='ltr'><strong>ἤδη</strong></span> <span class='ocrx_word' id='word_1_306' title='bbox 770 4027 896 4104; x_wconf 87' lang='lat' dir='ltr'><strong>apparet</strong></span> <span class='ocrx_word' id='word_1_307' title='bbox 920 4019 982 4083; x_wconf 87' lang='lat' dir='ltr'><strong>iam</strong></span> <span class='ocrx_word' id='word_1_308' title='bbox 1006 4020 1126 4103; x_wconf 87' lang='lat' dir='ltr'><strong>saepius</strong></span> <span class='ocrx_word' id='word_1_309' title='bbox 1150 4019 1265 4083; x_wconf 86' lang='lat' dir='ltr'><strong>similes</strong></span> 
     </span>
     <span class='ocr_line' id='line_1_34' title="bbox 173 4127 1264 4212; baseline -0.001 -20"><span class='ocrx_word' id='word_1_310' title='bbox 173 4151 278 4192; x_wconf 88' lang='lat' dir='ltr'><strong>causas</strong></span> <span class='ocrx_word' id='word_1_311' title='bbox 315 4128 413 4192; x_wconf 86' lang='lat' dir='ltr'><strong>dictas</strong></span> <span class='ocrx_word' id='word_1_312' title='bbox 450 4128 544 4192; x_wconf 85' lang='lat' dir='ltr'><strong>fuisse</strong></span> <span class='ocrx_word' id='word_1_313' title='bbox 576 4135 645 4212; x_wconf 90' lang='lat' dir='ltr'><strong>post</strong></span> <span class='ocrx_word' id='word_1_314' title='bbox 678 4128 852 4192; x_wconf 86' lang='lat' dir='ltr'><strong>libertatem</strong></span> <span class='ocrx_word' id='word_1_315' title='bbox 882 4129 1075 4206; x_wconf 83' lang='lat' dir='ltr'><strong>restitutam,</strong></span> <span class='ocrx_word' id='word_1_316' title='bbox 1110 4128 1194 4211; x_wconf 89' lang='lat' dir='ltr'><strong>quod</strong></span> <span class='ocrx_word' id='word_1_317' title='bbox 1226 4127 1264 4191; x_wconf 86' lang='lat' dir='ltr'><strong>ad</strong></span> 
     </span>
     <span class='ocr_line' id='line_1_35' title="bbox 173 4236 1260 4322; baseline 0 -22"><span class='ocrx_word' id='word_1_318' title='bbox 173 4245 294 4321; x_wconf 87' lang='lat' dir='ltr'><strong>tempus</strong></span> <span class='ocrx_word' id='word_1_319' title='bbox 327 4237 473 4301; x_wconf 86' lang='lat' dir='ltr'><strong>orationis</strong></span> <span class='ocrx_word' id='word_1_320' title='bbox 504 4237 626 4300; x_wconf 90' lang='lat' dir='ltr'><strong>habitae</strong></span> <span class='ocrx_word' id='word_1_321' title='bbox 658 4236 910 4301; x_wconf 86' lang='lat' dir='ltr'><strong>constituendum</strong></span> <span class='ocrx_word' id='word_1_322' title='bbox 941 4259 1003 4301; x_wconf 92' lang='lat' dir='ltr'><strong>nou</strong></span> <span class='ocrx_word' id='word_1_323' title='bbox 1027 4236 1260 4322; x_wconf 85' lang='lat' dir='ltr'><strong>neglegendum.</strong></span> 
     </span>
     <span class='ocr_line' id='line_1_36' title="bbox 173 4345 1263 4432; baseline 0.001 -23"><span class='ocrx_word' id='word_1_324' title='bbox 173 4345 304 4431; x_wconf 83' lang='lat' dir='ltr'><strong>Reliqua</strong></span> <span class='ocrx_word' id='word_1_325' title='bbox 326 4348 472 4432; x_wconf 88' lang='lat' dir='ltr'><strong>temporis</strong></span> <span class='ocrx_word' id='word_1_326' title='bbox 495 4347 608 4412; x_wconf 86' lang='lat' dir='ltr'><strong>indicia</strong></span> <span class='ocrx_word' id='word_1_327' title='bbox 630 4346 663 4410; x_wconf 92' lang='lat' dir='ltr'><strong>in</strong></span> <span class='ocrx_word' id='word_1_328' title='bbox 686 4347 823 4411; x_wconf 88' lang='lat' dir='ltr'><strong>oratione</strong></span> <span class='ocrx_word' id='word_1_329' title='bbox 847 4348 895 4431; x_wconf 87' lang='lat' dir='ltr'><strong>(cf.</strong></span> <span class='ocrx_word' id='word_1_330' title='bbox 916 4348 1046 4412; x_wconf 84' lang='lat' dir='ltr'><strong>maxime</strong></span> <span class='ocrx_word' id='word_1_331' title='bbox 1065 4350 1082 4431; x_wconf 65' lang='lat' dir='ltr'><strong>t</strong></span> <span class='ocrx_word' id='word_1_332' title='bbox 1099 4350 1139 4410; x_wconf 88' lang='grc'><strong>23</strong></span> <span class='ocrx_word' id='word_1_333' title='bbox 1159 4353 1190 4411; x_wconf 89' lang='lat' dir='ltr'><strong>et</strong></span> <span class='ocrx_word' id='word_1_334' title='bbox 1207 4347 1263 4432; x_wconf 84' lang='grc'><strong>24)</strong></span> 
     </span>
    </p>
   </div>
   <div class='ocr_carea' id='block_1_3' title="bbox 0 0 1568 5210">
    <p class='ocr_par' dir='ltr' id='par_1_4' title="bbox 0 0 1568 5210">
     <span class='ocr_line' id='line_1_37' title="bbox 0 0 1568 5210; baseline 0 0"><span class='ocrx_word' id='word_1_335' title='bbox 0 0 1568 5210; x_wconf 95' lang='lat' dir='ltr'><strong> </strong></span> 
     </span>
    </p>
   </div>
  </div>
 </body>
</html>
