3126 5210
853 445 913 506 lea

339 642 435 714 Φνλίιν
458 640 592 705 ἐλθόντων
616 641 666 704 καί
690 638 738 704 τὸν
761 642 884 719 Πειραιοῖ
907 638 1150 716 καταλαβόντων.
1185 639 1350 702 Sententia
1368 646 1437 703 est:
1550 629 1551 632 ¹

337 771 423 828 „non
455 750 536 813 enim
560 771 597 813 ex
620 749 668 813 his
693 749 759 832 (qui
782 749 815 811 in
839 748 914 812 urbe
937 750 1127 832 manserunt)
1152 749 1311 832 pauciores
1337 750 1439 812 hono·
1550 785 1551 816 ι

337 859 440 937 „ravit
479 858 531 940 (ad
573 857 705 921 honores
748 856 882 940 admisit)
917 857 1042 933 civitas,
1079 879 1172 940 quam
1206 879 1243 921 ex
1281 851 1346 936 iis,¹
1380 860 1438 943 qui

337 965 477 1051 „Phylen
501 965 686 1031 obsederunt
710 971 741 1028 et
763 964 907 1028 Piraeum
930 972 1157 1049 occupaverunt
1163 965 1194 1049 ,''
1223 966 1303 1029 sive:
1329 967 1353 1030 ii
1379 968 1438 1051 qni
1550 963 1551 980 ¹

338 1076 507 1140 honoribus
530 1077 629 1140 functi
653 1081 726 1140 sunt
749 1081 857 1160 postea
877 1097 971 1158 aeque
995 1097 1032 1138 ex
1055 1075 1093 1137 iis
1118 1075 1173 1159 qui
1196 1082 1435 1153 remanserunt,

338 1207 429 1269 quam
453 1171 488 1250 ex
512 1186 653 1251 exulibus
677 1185 813 1250 fuerunt.
860 1183 920 1248 Sed
944 1191 979 1248 ut
1002 1185 1077 1248 haec
1101 1191 1206 1267 aperta
1221 1185 1262 1247 sit
1275 1186 1437 1248 sententia

336 1293 407 1377 post
429 1294 589 1372 τετίμηκεν,
609 1292 785 1358 addendum
813 1299 859 1356 est
882 1293 908 1367 ἥ.
957 1291 1038 1356 Nam
1061 1293 1216 1377 genitivus
1240 1301 1287 1358 eat
1310 1295 1436 1378 partiti-

337 1427 411 1482 νινε,
435 1425 498 1469 non
523 1403 770 1488 comparationis.
929 1483 933 1494 Ι

379 1516 396 1598 b
422 1517 471 1577 19.
519 1512 696 1576 Admodum
727 1494 836 1574 dubito
868 1533 907 1574 an
937 1510 1062 1575 δοκοῖσι
1090 1511 1173 1592 σαοοί
1195 1535 1249 1576 σινι
1274 1512 1431 1576 Graecum

335 1645 397 1687 uon
430 1625 489 1701 sit;
521 1622 636 1687 dicitur
670 1620 787 1706 aliquid
811 1619 973 1700 νομίζεσθαι
997 1621 1080 1700 capot
1103 1623 1210 1705 σοῖσιν,
1234 1623 1381 1698 caveatas
1402 1649 1430 1688 τι

336 1732 418 1812 σαροί
441 1757 495 1797 σινι
525 1735 567 1816 (1.
593 1734 642 1815 2),
675 1731 782 1796 δίκαιον
804 1725 875 1794 εἶναι
900 1730 982 1809 παρὰ
1005 1733 1095 1794 σοῖσιν
1119 1730 1189 1812 (hoc
1202 1731 1333 1794 maxime
1347 1732 1432 1816 apud

334 1848 440 1926 poetas
465 1848 497 1906 et
520 1841 743 1922 Herodotum),
774 1861 945 1923 nusquam,
978 1839 1060 1922 quod
1086 1840 1196 1917 sciam,
1229 1840 1319 1905 δοκεῖν
1343 1841 1429 1919 παρὰ

335 1955 434 2016 σοῖσιν.
481 1950 592 2033 Itaque
615 1951 648 2012 in
672 1948 771 2012 verbis
795 1949 879 2013 οίλλίι
902 1947 952 2012 καὶ
980 1946 1126 2024 ὃίιλονον
1150 1949 1226 2012 δοκεῖ
1247 1943 1319 2013 εἶναι
1343 1949 1429 2030 σαροί

333 2085 425 2136 τισιν,
449 2060 587 2144 suspicor
611 2058 693 2138 σαροί
716 2058 905 2142 adscriptum
929 2057 1023 2120 fuisse
1047 2057 1260 2139 explicationis
1277 2080 1372 2121 causa
1390 2058 1429 2121 ad

334 2168 442 2247 ι’ίλομον
465 2195 508 2227 =
531 2169 613 2249 σαρᾶι
636 2168 733 2245 λόγον.
780 2166 875 2247 Quod
898 2172 969 2250 post
985 2166 1177 2230 collectivum
1195 2167 1324 2250 pluralis
1341 2189 1429 2239 usur·

334 2285 427 2362 patur
449 2301 512 2343 uon
537 2301 609 2342 sane
632 2277 791 2342 insolitum
801 2304 811 2354 3
835 2275 1005 2340 notandum
1029 2282 1132 2340 tamen
1156 2277 1290 2340 sectione
1308 2279 1350 2339 20
1368 2277 1427 2339 hoc

334 2411 402 2452 raro
432 2388 513 2473 apud
542 2396 676 2452 oratores
699 2410 760 2451 usu
782 2387 848 2450 fieri
871 2393 941 2471 post
963 2386 1052 2465 δῆμος
1076 2386 1260 2451 vocabulum
1283 2393 1348 2449 tam
1371 2386 1427 2449 fre
1475 2419 1477 2422 ·

334 2492 556 2582 quentis‘usus
583 2498 768 2579 (αἱρούμενοι,
794 2497 893 2567 αὐτοῖς
899 2544 909 2573 ,
934 2496 1140 2580 ἐψηφίσαντο).

379 2605 558 2670 Orationem
582 2606 661 2669 hauc
683 2604 872 2668 referendam
897 2626 961 2667 esse
985 2603 1023 2667 ad
1048 2626 1162 2668 anunm
1188 2605 1270 2681 382,
1301 2601 1420 2666 0199.

335 2718 354 2776 2
364 2764 372 2793 ,
398 2737 495 2799 quum
514 2715 671 2793 Evander,
696 2714 734 2778 de
757 2715 846 2778 cuius
862 2713 1019 2795 δοκιμασία
1035 2713 1085 2776 hic
1101 2719 1228 2797 agatur,
1245 2712 1422 2796 Eponymus

333 2824 460 2888 Archon
489 2825 582 2888 fuerit
613 2823 663 2887 Ol.
696 2826 749 2886 99.
766 2826 817 2905 ὓ3,
841 2823 959 2906 primus
982 2830 1065 2886 reete
1089 2822 1306 2886 animadvertit
1328 2819 1420 2883 Hoel·

333 2935 467 2998 scherus.
514 2934 700 2998 Dubitatum
722 2932 783 2996 fuit
807 2932 946 3017 quidem,
971 2938 1075 2996 utrum
1098 2953 1265 3016 eponymus
1286 2952 1325 2994 an
1337 2929 1421 3007 βασι-

278 3028 279 3032 *
331 3042 400 3115 λειίς
433 3042 576 3107 Evander
610 3042 788 3126 designatus
812 3042 921 3118 fuerit3
947 3039 999 3105 sed
1023 3041 1089 3104 iure
1112 3041 1242 3124 Tayloro
1266 3038 1305 3103 de
1334 3040 1418 3117 βασι-

330 3161 381 3216 λεῖ
409 3153 557 3238 cogitanti
587 3152 728 3216 Dobreus
759 3151 905 3237 opposuit
936 3153 953 3235 b
986 3153 1043 3228 12,
1076 3151 1131 3215 nbi
1162 3148 1304 3214 Evander
1332 3147 1419 3226 κιίμος

330 3262 455 3326 iuturus
487 3285 552 3326 esse
583 3261 697 3326 dicitur
728 3264 887 3341 ἐπικλήρων
910 3259 959 3324 καί
982 3263 1129 3344 ὀρφανῶν,
1155 3280 1285 3342 quorum
1311 3279 1417 3321 causae

330 3371 369 3436 ad
392 3371 493 3435 forum
515 3371 682 3434 Archontis
706 3369 858 3455 Eponymi
881 3369 1063 3454 pertineant.
1111 3367 1158 3432 Cf.
1183 3367 1289 3432 Herm.
1308 3367 1418 3431 Staats·
1493 3424 1500 3434 ,

330 3480 383 3544 alt.
406 3482 423 3564 b
449 3482 521 3544 138.
548 3482 567 3541 6
592 3487 622 3570 pt
645 3502 739 3564 supra
765 3481 816 3544 15.
841 3481 871 3543 3.
911 3477 1022 3560 Neque
1045 3477 1164 3562 reliqua
1187 3477 1320 3541 obstant.
1354 3476 1420 3540 Sec·

328 3590 412 3653 tione
446 3593 485 3652 11
518 3611 595 3673 qnae
624 3589 771 3674 leguntur
800 3587 878 3664 οίξιοῖ
905 3625 950 3636 -
971 3588 1052 3664 μετα
1076 3594 1129 3661 τῆς
1154 3589 1182 3651 ἕν
1206 3586 1307 3666 Ἀρείῳ
1330 3586 1420 3664 natyra

327 3698 437 3776 βουλῆς
468 3699 515 3763 τὸν
545 3696 669 3764 ίίσαντα
697 3699 798 3779 χρόνον
828 3705 884 3763 τῶν
908 3698 1059 3777 μεγίστων
1081 3697 1171 3776 κύριος
1194 3695 1328 3773 γενέσθαι
1353 3716 1419 3780 pos-

328 3807 461 3871 suntad
486 3829 589 3872 omues
614 3808 775 3873 archontes
798 3808 903 3872 referri
910 3834 919 3885 ;
944 3829 1049 3870 omnes
1072 3808 1154 3871 enim
1177 3813 1263 3890 gesto
1292 3826 1418 3869 munere

327 3917 530 4001 Areopagitae
561 3917 683 3982 fiebant.
733 3917 774 3982 Et
803 3917 897 3982 sectio
930 3919 949 3979 8
979 3921 1103 3981 nostrae
1133 3916 1223 3981 unice
1246 3915 1328 3980 favet
1352 3937 1418 3979 sen·

326 4027 442 4091 tentiae
465 4033 502 4089 ut
524 4026 618 4110 paulo
642 4033 712 4110 post
736 4027 904 4112 apparebit.

371 4129 603 4218 Fuerat‘igitur
627 4156 662 4198 eo
686 4158 766 4200 anno
789 4136 822 4198 in
845 4135 1002 4217 δοκιμασία
1025 4133 1215 4217 improbatus
1231 4132 1415 4211 Leodama,

303 4250 484 4309 aecusatus
508 4267 526 4306 a
548 4243 741 4328 Thrasybulo
765 4243 951 4328 Collytensi,
985 4243 1023 4307 de
1047 4266 1109 4326 qua
1132 4244 1327 4307 accusatione
1352 4243 1416 4306 Ari·

326 4354 451 4416 stoteles
475 4353 706 4417 Rhet.11.aa:
731 4353 898 4432 Λεονδοίμοις
920 4353 1155 4431 ἀπολογούμενος
1180 4351 1313 4437 [ἔλεγε],
1331 4377 1416 4426 καση·
