3126 5210
663 504 724 564 195

141 707 231 777 „tura
262 703 329 765 sint
353 699 517 785 stipendia.
564 700 701 764 Istorum
724 707 828 764 autem
852 701 1043 786 rapinarum]
1069 701 1175 765 odium
1198 701 1235 765 ad

140 833 214 886 „vos
238 812 341 889 redit,
366 812 487 876 lucrum
512 810 549 874 ad
574 810 680 874 istos.”
726 809 795 875 Hoc
817 811 950 876 voluisse
966 813 1070 896 potius
1087 818 1238 875 oratorem

141 927 232 1003 puto:
271 922 476 986 nihilominus
505 922 574 1005 (etsi
605 942 659 985 vos
682 920 951 1005 condemnavistis)
975 943 1057 986 nunc
1081 927 1168 986 tanta
1193 929 1240 984 est

141 1030 369 1114 stipendiorum
394 1032 506 1115 (μισθοῦ
530 1032 771 1104 camerimnus
794 1031 990 1115 potissimum
1014 1038 1045 1095 et
1062 1033 1238 1114 δικοιστικοῦ)

142 1142 290 1222 penuria,
315 1148 352 1206 ut
374 1142 509 1226 populus
535 1141 703 1224 [indigeat,
729 1140 782 1204 isti
804 1139 915 1206 divites
940 1142 1017 1226 sint]
1042 1148 1073 1205 et
1088 1142 1241 1216 dedecus,

139 1250 204 1314 rell.
242 1251 371 1315 Excidit
394 1251 512 1316 πένετοοι
532 1272 594 1333 quo
614 1250 705 1315 verbo
724 1250 757 1314 in
776 1251 868 1315 simili
884 1273 916 1315 re
932 1252 1031 1316 utitur
1049 1254 1100 1317 12.
1119 1257 1137 1316 6
1146 1279 1156 1332 ;
1173 1260 1240 1318 tum

139 1359 214 1426 οὗτοι
238 1363 270 1426 δὲ
294 1341 485 1436 πλουτοῦσιν,
510 1368 564 1424 aut
587 1361 686 1425 simile
709 1360 795 1445 quid.
842 1360 891 1425 uf.
915 1363 932 1446 b
955 1365 993 1426 9:
1017 1359 1092 1427 οὗτοι
1111 1364 1164 1439 μὲν
1180 1365 1240 1442 γὰρ

140 1472 171 1534 ἐκ
187 1473 323 1545 πενήτων
343 1470 472 1534 πλούσιοι
491 1469 650 1547 νενόνοισιν
669 1471 772 1535 ἐκτῶν
789 1470 947 1551 ὑμετέρων,
971 1474 1053 1548 ὑμεῖς
1073 1472 1101 1537 δὲ
1118 1474 1164 1538 διοδ
1176 1475 1240 1539 τού-

138 1603 204 1652 τους
228 1579 364 1655 πένντες.
412 1578 459 1641 De
484 1571 561 1642 aliis'
575 1577 807 1656 conaminibus,
833 1579 1011 1662 quaemihi
1035 1581 1161 1665 quidem
1185 1584 1239 1646 mi-

140 1691 223 1755 nime
249 1689 461 1768 satisfaciunt,
485 1690 627 1753 videatur
649 1689 772 1755 Scheib.

182 1803 200 1885 b
224 1805 257 1866 2.
306 1800 416 1866 ίπίτοον
446 1797 522 1866 οὗτοι
554 1801 604 1864 acl
635 1802 659 1865 ci
686 1802 795 1866 τούτων
817 1801 899 1878 λόγοι
922 1801 1037 1867 δοκῶσιν
1060 1801 1143 1867 κίτιοι
1167 1799 1238 1866 εἶναι

140 1915 319 1992 ψηφιεῖσθαι
348 1913 427 1988 ὑμᾶς
453 1913 535 1990 rapui
562 1911 596 1976 ri
621 1911 746 1986 δίκοοιον,
767 1911 866 1991 ῥᾳδίως
889 1912 971 1989 ποιοίι
995 1915 1050 1975 τῶν
1069 1911 1239 1976 ἀδικούντων

140 2023 293 2100 χρίμκτκ
326 2021 539 2098 λωμβιίνονσιν.
586 2020 728 2085 Dobreus
759 2019 797 2082 ad
829 2019 912 2084 κίτιοι
944 2017 1014 2084 είνοιι
1046 2023 1238 2100 ψηφιεῖσθαι,

141 2155 228 2209 „uon
253 2140 385 2209 temere,
409 2132 528 2214 inquit,
552 2130 753 2193 mutandum:
778 2129 865 2192 when
889 2129 998 2212 people
1022 2139 1147 2212 expect,
1170 2130 1238 2193 that

143 2242 240 2327 „they
274 2240 338 2306 vill
371 2262 460 2304 cause
490 2261 570 2323 you,
602 2239 680 2302 etc.'’
727 2237 786 2302 Sed
810 2237 858 2314 id,
883 2238 943 2301 nisi
967 2237 1072 2315 fallor,
1098 2247 1177 2303 esset
1199 2240 1240 2303 δο-

146 2357 233 2418 κῶσιν
266 2351 350 2417 κίτιοι
382 2351 542 2432 ἔσεσίοιι,
572 2373 600 2412 κ.
633 2373 661 2414 τ.
692 2349 715 2414 ἓ.
761 2345 834 2411 Non
859 2355 935 2431 puto
959 2347 1033 2412 alibi
1056 2344 1239 2413 uirtutebus

146 2483 218 2526 oum
243 2463 349 2526 futuro
372 2459 516 2522 infinitivi
537 2458 643 2542 iungi3
668 2465 811 2521 certene
835 2457 915 2541 apud
940 2455 1151 2542 Thucydidem
1165 2458 1240 2540 gui-

146 2569 236 2650 dem,
270 2571 325 2655 qui
355 2569 476 2653 saepius
507 2568 650 2647 ε’Φετικοί,
686 2567 783 2631 veluti
815 2567 999 2646 διοινοοῦμσιι,
1032 2589 1103 2631 cum
1135 2568 1241 2632 futuro

146 2679 266 2765 iungit,
304 2681 362 2743 hoc
392 2680 547 2743 iuvenitur
579 2700 634 2741 nec
664 2679 696 2741 in
728 2699 840 2761 magno
873 2700 1002 2741 numero
1033 2678 1240 2762 exemplorum

146 2811 239 2872 quem
264 2789 417 2873 congessit
439 2788 575 2872 Madvig.
592 2788 677 2852 Bem.
694 2811 724 2872 p.
744 2791 784 2850 65
801 2795 865 2851 not.
897 2771 1032 2870 Requiro
1047 2787 1238 2869 ψηφίζεσίκι.

147 2897 227 2964 Cum
250 2899 429 2964 accusativo*
444 2905 475 2961 et
492 2898 645 2962 infinitivo
661 2897 851 2961 construitur
862 2894 952 2961 οιίτιον
964 2893 1035 2961 είνοιι
1050 2896 1130 2961 Plat.
1144 2895 1238 2961 Lach.

150 3012 226 3075 191.
245 3010 288 3073 O:
314 3010 371 3087 ἐγὼ
391 3006 481 3078 οιίτιος
501 3010 543 3085 μὴ
563 3014 660 3080 καλῶς
680 3032 713 3071 σε
733 3007 940 3084 οὶποκοίνοοσίοοι
957 3013 987 3070 et
1003 3029 1095 3092 supra
1113 3009 1163 3070 19.
1182 3009 1234 3070 51.

191 3122 208 3204 b
232 3123 262 3183 3.
309 3118 401 3183 κοοίτοι
425 3118 492 3188 τίνοι
512 3119 571 3197 χρὴ
595 3118 702 3182 ἕλπίδοι
721 3117 801 3196 ἔχειν
816 3116 976 3195 σωτηρίοις,
998 3115 1107 3179 ὁπίτοιν
1122 3118 1152 3178 ἐν
1167 3117 1240 3194 χροί-

147 3253 238 3302 μοισ.ν
269 3227 286 3309 ᾖ
317 3226 366 3290 aci
397 3227 519 3300 σωθῆννοι
542 3227 594 3299 τὴν
620 3225 703 3290 πόλιν
727 3223 776 3288 aci
801 3225 843 3301 μή
869 3223 919 3306 (cl.
947 3225 997 3286 12.
1024 3226 1083 3300 26,
1110 3225 1162 3285 25.
1189 3224 1241 3306 8),

146 3343 247 3403 τοῦτον
270 3337 294 3400 δ’
317 3333 408 3410 οὗτοι,
433 3335 569 3418 Φύλοοκες
593 3334 645 3413 ὑφ’
667 3335 744 3410 ὑμῶν
764 3332 990 3409 κωτκστοίντες,
1012 3334 1036 3396 ci
1051 3332 1243 3396 τῶνοίδικούν-

146 3471 203 3511 των
225 3445 374 3511 κολοσσοί
382 3497 390 3520 ,
415 3445 565 3510 κλέπτωσί
587 3469 621 3509 τε
644 3445 694 3508 xci
711 3443 976 3522 κοιτοοδωοοδοκῶσι;
994 3443 1034 3506 In
1049 3442 1097 3504 his
1113 3439 1241 3525 perinde

149 3562 195 3619 est
218 3563 324 3619 utrum
348 3576 419 3618 oum
443 3553 620 3638 Hirsehigio
643 3551 881 3624 κοιτοιστοιίέντες
905 3554 979 3636 (quo
1002 3573 1066 3615 non
1090 3573 1186 3635 opus,
1205 3550 1242 3613 ci.

148 3665 243 3730 lsocr.
271 3668 300 3731 7.
327 3667 369 3726 62
394 3667 446 3737 τῖον
474 3665 529 3728 ὑπὸ
555 3670 611 3729 τῶν
635 3664 789 3744 τοιοίκοντοι
813 3667 1011 3728 κοιτοιστίίσοιν
1036 3669 1066 3726 et
1090 3661 1180 3742 alia),
1206 3682 1244 3722 an

147 3798 217 3839 cum
251 3775 374 3839 Dobreo
405 3775 429 3838 ci
460 3774 596 3855 Φίλωνος
624 3774 725 3858 legas,
751 3797 789 3837 an
813 3773 972 3858 vulgatam
997 3769 1118 3847 tireare3
1142 3777 1245 3834 manet

149 3887 230 3949 enim
263 3884 426 3948 difficultas
458 3883 549 3960 haec,
577 3884 661 3967 quod
685 3884 723 3946 de
747 3883 930 3947 custodibus
949 3883 1058 3967 'egitur
1081 3889 1112 3945 et
1134 3880 1246 3943 malefi-

149 4016 254 4058 corum
286 3992 460 4058 vindicibus
489 3998 637 4078 apoculo
662 4000 782 4059 erectis.
829 3993 894 4074 Qui
917 3994 1051 4074 Φίλοικες
1076 3991 1246 4076 significen-

149 4113 202 4169 tur
224 4127 314 4168 nemo
338 4103 458 4168 dixerit.
506 4104 732 4187 Νομοφνλοίκων
755 4111 891 4188 potestas
916 4084 1081 4167 admodum
1105 4101 1246 4166 restricta

150 4223 230 4291 erat;
255 4222 323 4279 tum
345 4237 384 4279 ne
409 4221 511 4298 potest
535 4215 658 4298 quidem
682 4217 820 4296 φύλακες
844 4215 921 4278 illud
947 4214 1086 4278 absolute
1110 4213 1245 4298 positum

150 4323 188 4387 de
212 4324 260 4387 his
282 4325 440 4408 intellegi,
466 4324 612 4407 quoniam
635 4327 667 4388 ἐκ
690 4330 746 4389 τῶν
769 4323 1018 4407 συμφωτιζομένων
1043 4330 1151 4406 sponte
1178 4343 1247 4404 sug·

151 4433 268 4516 geritur
298 4436 384 4499 notio
417 4435 574 4520 pecuniae.
622 4435 665 4497 At
697 4435 750 4517 qui
774 4443 848 4497 sunt
870 4435 1006 4514 φύλακες
1029 4437 1085 4496 τῶν
1108 4430 1246 4508 δημοσίων

1068 4545 1125 4600 13*
