3126 5210
896 471 957 531 158

378 664 566 742 accusando,
592 673 628 728 ut
652 665 710 729 sibi
734 667 889 732 accusatio
914 666 996 750 apud
1017 667 1168 750 populum
1184 669 1389 752 contingeret.
1414 669 1467 733 Sed
1542 653 1543 666 ἵ

378 782 415 837 ut
434 776 564 859 speciem
585 798 602 838 a
621 799 653 839 se
672 762 841 854 removeat,
863 777 954 860 fingit
977 799 1009 838 se
1032 777 1209 841 rumoribus
1234 779 1412 858 hominum,
1427 782 1468 843 ni·

377 887 454 948 miae
492 885 721 949 benevolentiae
756 908 827 972 erga
857 887 1074 951 frumentarios
1106 889 1210 971 ipsum
1242 893 1466 969 accusantium,

377 1018 471 1080 paene
495 1003 635 1060 eoactum
659 996 775 1075 fuisse,
801 1005 837 1062 ut
861 1005 1038 1075 accusaret;
1063 999 1221 1082 utigitur
1245 1021 1277 1064 se
1300 1001 1403 1086 ipsum
1422 1005 1467 1066 de·

368 1107 530 1193 secederet,
555 1109 646 1192 fingit
669 1130 701 1171 se
724 1109 756 1172 in
778 1116 888 1175 senatu
911 1116 1102 1176 decucurisse
1125 1109 1212 1193 (ἔργῳ
1235 1113 1468 1191 ἀπελογησάμην

377 1220 458 1302 hit).
505 1219 548 1282 Et
570 1229 606 1283 ut
629 1242 750 1284 omnem
774 1243 793 1285 a
816 1243 849 1284 se
873 1222 1080 1306 suspicionem
1103 1229 1272 1300 removeat,
1297 1229 1329 1286 et
1353 1243 1469 1286 omnem

378 1329 555 1414 cupiditatis
579 1330 612 1392 in
636 1331 809 1399 accusando
833 1332 964 1415 speciem
989 1334 1100 1410 evitet,
1125 1335 1142 1418 h
1166 1336 1187 1396 d
1211 1333 1269 1397 suh
1284 1333 1338 1397 fin.
1364 1355 1425 1397 uon
1441 1355 1469 1395 se

378 1439 502 1504 studere
533 1439 609 1503 dicit
631 1449 668 1503 ut
691 1441 748 1506 viri
771 1440 1025 1524 condemnentur,
1050 1442 1104 1506 sed
1129 1450 1165 1506 ut
1188 1443 1242 1507 fiat
1265 1443 1469 1528 quodcunque

377 1550 620 1615 Atheniensibus
650 1553 777 1635 placeat.
826 1553 906 1618 Mihi
937 1554 998 1617 nisi
1029 1554 1075 1617 ita
1098 1555 1160 1619 fere
1185 1577 1216 1618 se
1240 1577 1288 1618 res
1311 1555 1468 1630 habuerit,

377 1662 442 1726 sine
477 1683 569 1726 causa
603 1662 752 1730 obscurus
789 1671 819 1728 et
853 1665 1015 1728 intricatus
1044 1664 1169 1729 videtur
1192 1672 1296 1728 orator
1303 1692 1312 1743 3
1337 1666 1468 1730 sectione

377 1780 487 1856 quarta
509 1795 606 1858 paene
628 1774 787 1840 ridiculae.
836 1773 913 1854 Quis
938 1777 1021 1840 enim
1044 1783 1148 1838 orator
1171 1776 1229 1839 hoo
1246 1799 1278 1840 se
1291 1775 1468 1840 effecturum

377 1884 554 1966 ceteroquin
583 1883 776 1968 gloriaretur,
801 1907 864 1949 non
888 1907 920 1950 se
944 1886 1038 1950 finem
1060 1885 1216 1949 facturum
1241 1884 1369 1949 dicendi
1392 1891 1468 1949 ante·

378 2014 471 2075 quain
493 1992 610 2057 iudices
634 2033 678 2044 —-
702 1993 820 2078 aliquid
845 2017 900 2080 pro
926 1994 1053 2059 arbitrio
1078 1994 1283 2058 statuissent?
1315 1993 1396 2075 Quis
1411 2017 1467 2059 non

376 2103 480 2186 potius
511 2105 687 2188 quieturum
720 2129 752 2170 se
775 2116 903 2192 negaret
926 2114 1091 2191 antequam
1115 2106 1154 2171 ad
1177 2129 1265 2172 auam
1289 2107 1468 2170 sententiam

373 2211 490 2276 indices
521 2216 742 2297 pertraxisset?
787 2217 829 2280 Et
860 2227 980 2282 tamen:
1012 2219 1135 2300 αἰσχρὸν
1167 2217 1192 2282 δ’
1217 2221 1347 2296 ἡγοῦμαι
1374 2217 1466 2296 πρότε-

373 2347 416 2405 ρον
440 2325 629 2401 redemta,
654 2327 718 2408 πρὶν
741 2327 777 2392 ἂν
802 2329 884 2406 ὑμεῖς
911 2329 975 2410 περὶ
1000 2333 1095 2395 αὐτῶν
1120 2330 1185 2395 dar
1209 2328 1246 2394 dra
1257 2329 1405 2406 βούλησθε
1415 2334 1467 2408 ψη-

373 2433 506 2513 minnota.
555 2433 700 2500 Ceterum
724 2445 798 2501 sunt
822 2439 905 2524 apud
929 2439 1098 2503 Isocratem
1122 2461 1234 2523 genere
1259 2438 1384 2503 dicendi
1399 2437 1465 2502 satis

374 2543 495 2608 similia.
520 2584 565 2594 -
587 2545 737 2628 Ἠρξηὶμην
761 2549 814 2624 μὲν
837 2547 884 2614 οὖν
907 2550 1014 2616 τούτων
1038 2547 1141 2614 iaaac:
1172 2556 1300 2636 propter
1324 2549 1397 2613 illos
1420 2549 1466 2611 ho

373 2656 492 2719 minum
526 2679 662 2722 rumores
697 2661 724 2743 (d
751 2661 783 2741 3)
811 2661 1035 2724 accusationem
1067 2661 1110 2724 sio
1140 2661 1278 2738 institui,
1304 2661 1399 2733 δεδιὼς
1415 2661 1465 2726 τὰς

373 2767 485 2840 αἰτίης,
506 2788 612 2832 eorum
628 2767 855 2832 criminationes
871 2777 1021 2834 metuens
1052 2770 1194 2834 Dobreus
1218 2771 1272 2854 qui
1296 2770 1371 2834 haec
1390 2776 1464 2836 recte

372 2876 562 2955 emendavit,
587 2878 700 2944 iniuria
724 2879 842 2943 marrdt
865 2879 920 2944 aa.
945 2906 973 2947 τ.
999 2882 1059 2945 atr.
1085 2880 1190 2945 deleri.

415 2989 432 3072 h
457 2989 485 3050 5.
528 2989 626 3054 ’Άλλο
653 3014 681 3053 τι
713 2985 759 3054 οὖν
791 2988 881 3066 discis
906 2991 922 3065 ἢ
952 2992 1124 3068 doctoratu
1148 3029 1194 3040 -—
1220 2991 1355 3069 Ἔγωγε.
1402 2988 1463 3053 Hoc

369 3101 407 3182 (si
432 3100 524 3164 modo
549 3100 716 3185 Graecum)
741 3109 804 3164 est:
820 3102 892 3165 alia
915 3124 1016 3186 poena
1041 3101 1154 3186 dignus
1180 3125 1249 3166 sum
1273 3123 1368 3186 quam
1391 3098 1463 3182 capi·

369 3209 442 3289 tali,
474 3210 558 3276 aliud
590 3211 660 3282 volo
693 3234 785 3296 quam
819 3219 960 3276 mortem.
1007 3212 1168 3276 Sententia
1198 3212 1370 3297 requiritur
1401 3231 1463 3274 con·

369 3321 471 3384 traria.
508 3319 582 3404 Leg.
608 3320 684 3387 ἄλλο
707 3347 735 3386 τι
759 3318 805 3386 οὖν
829 3321 846 3397 d
870 3321 961 3398 ἀξιοῖς
983 3324 1158 3400 duodenem
1181 3328 1235 3386 aut
1249 3321 1341 3405 plane
1357 3322 1461 3386 omisso

371 3429 404 3503 ἥς
430 3430 506 3493 ἄλλο
528 3455 556 3495 τι
581 3428 626 3495 οὖν
649 3429 740 3506 ἀξιοῖς
758 3432 930 3508 dandarum
956 3432 1039 3517 quod
1060 3432 1167 3496 eodem
1184 3431 1282 3508 redit,
1300 3440 1337 3494 ut
1356 3433 1388 3495 in
1404 3429 1462 3494 vul·

369 3562 426 3623 gus
443 3545 553 3603 notum
572 3542 626 3624 (z
645 3544 779 3626 nannet).
815 3541 895 3605 Plat.
921 3541 1014 3626 Gorg.
1041 3544 1117 3605 495.
1144 3541 1179 3606 Ο.
1200 3542 1298 3608 ’Άλλο
1318 3567 1346 3606 τι
1366 3537 1411 3607 οὖν
1429 3542 1461 3609 ὡς

369 3650 467 3731 ἑτέρην
494 3652 546 3724 την
570 3649 701 3729 ἀνδρείαν
723 3659 776 3725 τῆς
799 3652 964 3728 ἐπιστήμης
988 3651 1035 3716 δύο
1061 3658 1162 3717 ταῦτα
1186 3650 1309 3730 &asyam
1334 3650 1461 3736 Respon-

369 3760 476 3824 detnr:
502 3759 616 3844 σφόδρα
638 3783 686 3836 γε.
772 3794 774 3797 ·
822 3837 824 3847 Α

414 3873 431 3956 d
455 3873 484 3935 7.
531 3877 606 3950 Χρῆν
635 3869 688 3948 μὲν
719 3870 810 3934 τοίνυν
842 3871 942 3945 iaccho
974 3864 1044 3934 aiace
1068 3871 1180 3943 τηύτην
1204 3872 1256 3945 την
1279 3870 1460 3950 κατηγορίην.

370 3981 511 4045 Dobreus
534 3979 700 4046 delendum
725 3980 872 4044 censebat
887 3983 958 4059 τήν,
978 3981 1061 4065 quod
1078 4003 1142 4045 nou
1157 3981 1365 4045 necessarium
1381 3985 1459 4063 puto.

370 4091 467 4169 Sane,
504 4093 531 4155 si
562 4089 736 4176 urgendum
771 4097 818 4154 est
854 4090 1038 4169 discrimen,
1063 4092 1169 4177 aptius
1193 4089 1335 4154 videatur
1359 4090 1461 4158 caeso

371 4203 483 4267 omisso
507 4202 648 4268 articulo.
696 4199 856 4264 Sententia
880 4201 1043 4266 verborum
1068 4202 1181 4276 cedrea
1205 4195 1276 4265 sicar
1300 4201 1400 4274 ἱκηνην
1414 4219 1461 4262 κη.

370 4315 507 4392 aaronica
532 4319 592 4376 est:
618 4311 710 4388 haec,
736 4331 814 4394 quae
838 4309 921 4390 dixi,
947 4313 1085 4376 sufficere
1109 4310 1147 4375 ad
1164 4310 1391 4387 accusandum
1415 4328 1460 4390 op

371 4428 532 4508 ponuntur
556 4421 633 4496 alia,
659 4440 738 4502 quae
761 4422 868 4485 melias
892 4430 1019 4506 possent
1042 4445 1098 4507 pro
1123 4421 1321 4484 accusatione
1345 4416 1459 4490 haheri;
