3128 5208
665 495 704 559 15

140 699 214 764 mile
237 697 312 785 quid
328 695 439 762 accidit
453 696 485 760 iu
501 694 647 760 vocabulo
662 693 811 773 ὴμδσιος,
828 693 866 758 cf.
880 691 973 756 ador.
988 694 1040 756 30.
1076 691 1134 756 Per
1149 691 1223 756 baec

140 833 179 876 ex
214 811 412 895 ambiguitate
446 806 605 871 verborum
643 805 738 891 petita
776 811 954 890 argumenta
989 803 1115 868 obscure
1150 803 1223 868 alibi

140 945 266 1008 quoque
288 921 502 996 ratiocinatur,
527 919 652 996 vitium,
677 918 800 1002 opinor,
823 917 855 981 in
879 916 936 980 hac
952 915 1147 1003 simplicitate
1163 938 1224 980 ma·

138 1055 276 1118 gnopere
299 1032 475 1096 cavendum.
522 1029 573 1094 Sic
595 1030 627 1094 in
651 1030 787 1094 oratione
808 1031 877 1093 κατ’
900 1027 1060 1107 Ἀγοράτου
1083 1028 1149 1111 (13)
1173 1026 1221 1091 de·

138 1143 375 1208 monstrandum
409 1152 472 1206 erat
507 1141 588 1220 adop
619 1141 709 1221 τέχνῃ
739 1140 788 1204 aul
818 1149 941 1221 μηχανῇ
971 1139 1139 1224 Agoratum
1170 1139 1223 1204 ἐπ’

139 1255 339 1335 αὐτοφώρῳ
367 1253 549 1338 prehensum
581 1273 662 1328 esso,
687 1250 770 1336 quod
793 1251 825 1314 ni
848 1253 949 1328 lieret,
973 1251 1030 1315 iste
1053 1248 1225 1313 absolveba-

138 1374 204 1430 tur.
240 1364 300 1429 Sed
323 1365 381 1429 boc
403 1372 439 1428 ut
462 1363 608 1440 efficeret,
632 1384 694 1426 non
718 1368 838 1446 poterat
860 1383 922 1425 non
945 1362 1006 1424 vim
1021 1361 1112 1426 verbo
1128 1361 1224 1424 lacere

140 1484 172 1542 et
198 1475 335 1541 subdolis
359 1483 391 1538 et
413 1473 548 1538 obscuris
572 1473 618 1536 uti
641 1471 810 1536 rationibus
834 1473 861 1557 (q
885 1473 947 1555 86).
984 1471 1048 1535 Has
1071 1470 1223 1536 auditores

140 1594 282 1652 autnon
306 1584 490 1648 intellecturi
513 1589 598 1646 erant
620 1589 674 1646 aut
696 1604 756 1646 non
780 1582 947 1666 probaturi.
983 1581 1118 1647 Subinde
1134 1583 1223 1646 etiam

139 1667 248 1784 longe¹
266 1697 376 1780 repetit
406 1717 483 1780 quae
506 1693 716 1758 commendare
738 1715 821 1757 reum
832 1743 842 1772 ,
866 1701 920 1757 aut
942 1693 1063 1778 culpam
1086 1695 1151 1758 eius
1175 1715 1226 1757 au·

140 1831 215 1894 gere
248 1815 379 1893 possent.
426 1806 476 1871 Ita
498 1807 530 1871 in
554 1807 689 1870 oratione
712 1805 780 1870 κατ’
803 1805 1020 1886 Ἐρατοσθένους
1044 1806 1061 1890 b
1083 1807 1124 1867 63
1148 1803 1225 1868 The-

140 1919 314 1994 mistocles,
340 1918 370 1982 in
395 1917 619 1982 undevicesima
642 1916 691 2000 (de
713 1916 802 1981 bonis
826 1916 1051 2001 Aristophanis)
1073 1917 1090 2000 b
1112 1918 1154 1977 24
1177 1915 1226 1978 'li-

141 2031 304 2108 motheus‚
338 2031 369 2093 iu
400 2031 551 2094 tricesima
581 2028 807 2113 (Nicomachea)
838 2030 921 2114 §28¹
943 2027 1074 2092 Pericles
1098 2035 1128 2092 et
1150 2026 1226 2090 The·

140 2141 299 2206 mistooles
329 2141 403 2203 satis
433 2147 574 2204 contorto
604 2161 712 2204 causae
734 2140 952 2203 immiscentur.
999 2139 1110 2203 Putide
1134 2147 1226 2224 atque
1255 2225 1257 2230 Ι

140 2273 271 2338 operose
301 2252 333 2314 in
356 2252 492 2314 oratione
516 2249 554 2314 de
579 2249 668 2314 caede
692 2249 903 2314 Eratosthenis
925 2249 1022 2333 legem
1045 2249 1146 2314 minus
1169 2249 1226 2315 sibi

142 2364 297 2427 laventem
309 2339 536 2446 interpretando
549 2360 721 2425 subvertere
733 2367 869 2425 conatur.
886 2360 924 2424 In
933 2362 1085 2445 Ageratos
1095 2363 1111 2446 q
1121 2363 1172 2438 89,
1181 2382 1226 2444 sq.

142 2476 206 2538 hoe
237 2474 318 2557 agit,
351 2480 386 2536 ut
416 2472 464 2536 lex
492 2471 530 2536 de
552 2472 700 2554 ἀμνηστίᾳ
722 2471 800 2536 nihil
824 2470 861 2536 ad
885 2473 1054 2556 Aguratum
1078 2472 1226 2556 pertinere

144 2563 288 2650 videatur
295 2609 304 2661 3
337 2582 571 2662 iureiurando,
595 2583 714 2667 inquit,
739 2606 771 2648 se
794 2583 1022 2648 obstrinxerunt
1044 2585 1067 2648 oi
1092 2585 1120 2648 ἐν
1144 2581 1226 2648 ἄστει

146 2719 221 2781 erga
251 2696 441 2773 Piraecnses;
474 2695 526 2758 sed
558 2717 613 2779 ego
636 2696 667 2759 in
691 2695 797 2760 Piraeo
820 2718 901 2760 eram
925 2703 955 2759 et
977 2695 1086 2780 reliqui
1109 2717 1228 2759 accusa

145 2817 230 2872 tores
254 2815 285 2871 et
307 2808 459 2892 Ageratos
475 2807 540 2891 ipse
548 2833 557 2884 ;
576 2828 668 2891 quare
683 2806 770 2870 nullo
786 2806 926 2892 equidem
943 2813 1031 2892 pacto
1047 2808 1228 2870 constrictus

147 2941 227 2984 sum.
269 2919 384 3003 Ecquis
415 2919 488 2982 hacc
518 2919 595 2983 serio
627 2918 809 3002 probaturus
833 2929 897 2982 erat
919 2926 985 2983 tum
1009 2917 1227 2982 Atheniensis?

148 3035 196 3094 Ao
219 3029 287 3094 vide
309 3030 401 3094 etiam
425 3052 516 3114 quam
539 3036 676 3092 contorte
700 3037 792 3113 atque
815 3029 943 3093 obscure
965 3030 997 3092 in
1021 3031 1173 3114 prooemio
1191 3029 1228 3092 ad

149 3140 360 3205 duodecimam
382 3140 465 3204 dicat
488 3141 514 3224 (p
538 3143 579 3224 2).
603 3139 717 3204 Tacent
740 3140 861 3204 fereda
884 3140 931 3203 his
952 3141 1150 3216 recentiores,
1167 3140 1230 3223 opi·

137 3275 222 3330 nor,
251 3251 334 3337 quod
356 3252 388 3316 in
411 3252 538 3335 reliquis
561 3274 683 3338 quoque
707 3253 878 3317 oratoribus
901 3252 974 3317 talia
997 3250 1126 3316 subinde
1149 3251 1230 3313 inve·

149 3365 294 3440 niuntur,
318 3370 372 3427 aut
394 3363 524 3428 librariis
540 3362 609 3448 plus
624 3363 832 3448 imputabant,
850 3385 941 3446 quam
956 3362 1091 3426 decebat.
1115 3359 1229 3423 Verum

151 3475 199 3540 his
229 3475 286 3540 sub
316 3497 412 3538 unum
442 3482 639 3558 conspectum
669 3475 775 3558 positis
807 3474 980 3559 apparebit,
1011 3473 1134 3558 opinor,
1166 3493 1229 3535 uon

151 3585 278 3670 proinde
308 3585 420 3650 horum
448 3585 600 3669 ignaviam
632 3607 696 3648 esse
727 3585 944 3664 accusandam,
976 3583 1100 3670 siquid
1126 3582 1229 3646 deesse

152 3695 306 3774 videatur,
331 3695 488 3781 apparebit
504 3697 594 3760 etiam
611 3695 813 3759 subtilitatem
829 3703 860 3759 et
874 3695 1056 3759 tenuitatem
1070 3692 1228 3778 Lppiacam

152 3829 170 3871 a
191 3807 305 3872 talibus
328 3795 452 3870 minime
474 3789 634 3872 abstinere.
659 3803 750 3886 Quod
774 3807 800 3868 si
815 3807 952 3890 quaeris,
969 3815 1119 3889 quatenus
1134 3805 1231 3889 possit

153 3918 273 4003 probari
303 3917 361 3981 hoc
385 3940 422 3980 an
447 3918 601 3995 excusari,
624 3939 687 3981 non
709 3916 818 3981 dubito
841 3917 981 4001 equidem
1009 3924 1158 3995 statuere,
1182 3937 1232 4000 ge·

152 4051 211 4092 nus
239 4028 381 4092 iudiciale
415 4049 478 4091 nou
512 4049 630 4113 semper
660 4027 818 4092 admittere
848 4027 932 4092 illam
963 4029 1143 4092 tenuitatem
1169 4027 1230 4091 sire

153 4139 392 4224 simplicitatem
416 4138 476 4202 nisi
499 4160 568 4201 vero
598 4161 706 4202 causae
735 4161 838 4202 omnes
863 4161 947 4202 verae
971 4147 1001 4202 et
1023 4139 1055 4202 in
1079 4138 1190 4221 quibus
1213 4159 1231 4200 a

154 4251 295 4334 captiosis
318 4249 503 4333 argumentis
526 4248 677 4313 abstinere
700 4250 812 4334 possit,
836 4248 874 4313 ad
897 4271 1054 4313 causarum
1068 4257 1229 4334 patronum

155 4359 341 4424 deferuntur.
365 4358 456 4437 Quod
480 4380 575 4442 quum
598 4382 660 4424 non
682 4361 751 4439 fiat,
769 4359 932 4424 admodum
948 4359 1069 4425 difficile
1085 4368 1147 4438 est,
1165 4381 1230 4423 eam

154 4469 276 4535 candidi
298 4469 468 4553 sincerique
484 4477 515 4533 et
530 4471 625 4555 aperti
642 4471 773 4535 hominis
788 4493 965 4555 personam,
982 4494 1073 4556 quam
1088 4470 1126 4535 ab
1142 4471 1231 4534 initio
