3126 5210
694 412 755 470 rer

164 613 267 678 verba
290 611 408 690 πύτερον
430 613 488 692 χρή
513 610 635 690 addita,
662 620 697 674 ut
713 611 849 689 ridetur,
870 611 908 676 ab
925 612 1110 696 interprete,
1129 609 1183 692 qui
1200 630 1270 672 con·

168 725 378 789 structionem
410 723 524 806 optime
556 721 704 786 Graecam
735 721 877 800 ἐπιθείξοιί
905 747 958 788 τινι
988 718 1181 802 tracteretur
1206 742 1268 783 non

168 837 376 920 intellegeret.
424 834 542 900 Eodem
569 833 661 898 modo
690 833 883 915 ποιροίθειγμν.
916 835 1049 909 ποιήσετε
1081 840 1140 905 τοῖς
1167 831 1269 902 ἄλλοις

168 948 292 1019 δικωίοις
315 941 404 1022 εἶυοιι,
429 946 512 1027 πυροὶ
533 944 634 1011 τούτου
655 945 732 1020 δίκην
751 945 915 1027 λαβόντες,
937 946 989 1009 tt.
1010 947 1028 1007 6
1050 953 1080 1008 et
1095 940 1270 1018 κοοτοώείξοει

170 1057 271 1121 Ans.
296 1057 354 1120 xv.
382 1038 460 1134 50'1,
485 1055 562 1120 nan.
592 1058 686 1119 1032.

219 1170 237 1252 p
263 1170 301 1230 12
336 1168 394 1243 ἐγώ
428 1167 453 1229 δ’
483 1161 503 1231 d
533 1164 630 1247 ώνθρες
654 1167 813 1244 Ἀθηνοιίοι,
839 1168 869 1230 ού
889 1167 940 1240 την
961 1167 1052 1239 adria
1070 1165 1190 1242 γνώμην
1209 1161 1271 1244 ἔχω

171 1278 241 1360 περὶ
270 1283 325 1342 τών
355 1277 486 1342 τοιούτων
513 1299 550 1340 ex
581 1275 697 1362 Sauppi
724 1277 901 1340 coniectura
924 1299 1005 1340 nunc
1029 1276 1183 1340 scribitur.
1231 1273 1270 1336 Id

172 1411 241 1454 non
263 1385 431 1472 significat,
457 1394 492 1450 ut
516 1386 639 1451 volunt:
664 1409 750 1465 „non
772 1390 852 1452 idem
876 1394 970 1452 ceretto
993 1387 1031 1451 de
1056 1386 1198 1451 omnibus
1216 1385 1271 1471 qui

174 1500 233 1579 „in
256 1497 330 1562 urbe
353 1497 570 1576 manserunt,''
594 1496 663 1562 sed:
688 1498 750 1576 „de
774 1499 888 1563 talibus
908 1499 999 1564 rebus
1016 1521 1078 1564 non
1096 1496 1272 1564 crearer?

176 1609 351 1686 Sententia,
384 1601 462 1692 quae
487 1608 695 1686 desideratur,
713 1610 844 1688 inesset,
870 1610 897 1673 si
919 1613 1035 1676 ποίυτων
1059 1611 1216 1675 accederet
1240 1615 1274 1672 ut

98 1773 103 1780 .
178 1723 232 1784 26.
260 1721 316 1785 16:
341 1720 354 1785 ὁ
377 1720 466 1796 δῆμος
490 1721 521 1784 οὐ
548 1721 600 1795 την
623 1723 715 1795 οιύτην
739 1720 857 1798 γνώμην
881 1720 945 1800 ἔχει
968 1724 1030 1802 περί
1055 1720 1199 1787 ποίντων
1219 1725 1274 1784 τῶν

178 1834 208 1896 ἐν
234 1830 317 1895 ώστει
340 1827 509 1908 μεινάντων.
557 1829 594 1893 In
627 1829 693 1894 MS.
718 1853 773 1914 pro
797 1834 826 1897 ού
854 1833 906 1907 την
930 1833 1020 1907 οιύτύν
1045 1832 1158 1917 legitur
1181 1830 1275 1897 τοιοιύ·

178 1966 231 2015 την
251 1942 323 2024 (om.
343 1943 394 2022 οὐ).
432 1939 628 2004 Florentinus
653 1942 755 2006 omisit
778 1943 863 2007 θηλώ
886 1943 917 2006 in
943 1965 1026 2028 sqq.,
1051 1953 1141 2020 recte,
1154 1943 1272 2027 opinor.

179 2052 269 2116 Nihil
301 2059 347 2116 est
375 2051 458 2135 quod
490 2053 672 2136 reprehendi
703 2054 800 2138 possit
832 2055 863 2118 in
896 2054 959 2118 his:
992 2056 1050 2134 ἐγώ
1081 2053 1104 2119 δ’
1133 2049 1275 2132 ώώνθρες

181 2163 341 2239 Ἀθηνοοῑοι,
376 2162 513 2238 τοιοιύτην
547 2165 665 2240 γνώμην
700 2165 760 2246 ἔχω
788 2164 851 2244 περί
879 2170 935 2230 τών
965 2167 1114 2232 τοιούτων·
1147 2163 1203 2229 ύσοι
1222 2164 1276 2242 μὲν

181 2274 340 2356 ἐλευθερίοις
364 2298 392 2340 ιι.
416 2298 445 2339 τ.
470 2273 492 2340 ἐ.
539 2273 586 2338 De
614 2275 814 2358 sequentibus
843 2299 910 2340 vere
934 2276 1093 2340 Dobreus:
1117 2277 1172 2354 „od
1191 2299 1276 2349 πονη·

180 2385 264 2464 ,ρούς
294 2385 398 2461 Attica
433 2384 564 2458 λιτύτητι
588 2385 686 2470 possis
712 2393 870 2471 utcunque
894 2387 1074 2464 defendere,
1099 2393 1134 2450 ut
1158 2386 1198 2448 sit
1222 2406 1276 2468 pro

184 2495 343 2572 ,μίγμθούς
390 2494 450 2558 Sed
482 2495 607 2577 quinam
632 2503 706 2560 sunt
729 2495 775 2560 illi
799 2496 903 2574 alteri,
929 2497 1039 2562 ἐκείνων
1062 2495 1186 2578 Φυγύνί
1225 2494 1276 2558 In·

182 2613 339 2683 „crustare
374 2604 463 2669 facite
498 2607 603 2679 ἐκείνην
637 2609 690 2682 την
722 2609 833 2690 φυγών.
881 2606 940 2670 Sed
974 2606 1094 2670 videtur
1126 2605 1274 2670 excidisse
1336 2669 1343 2688 ‚

182 2717 375 2795 „membrum
400 2717 551 2802 periodi.”
585 2718 697 2782 Totum
722 2719 818 2802 igitur
841 2719 943 2783 locum
964 2719 1007 2782 sic
1024 2719 1201 2782 constituit:
1218 2715 1274 2782 ὅσοι

181 2828 235 2904 μὲν
255 2827 414 2907 ἐλευθερίοις
433 2827 482 2893 κοώ
503 2835 554 2892 τοῦ
575 2828 682 2894 διωωίου
702 2830 906 2906 ἐπιθυμοῦντες
926 2829 975 2894 κοιί
995 2830 1061 2901 τοὺς
1077 2827 1177 2904 νόμους
1194 2827 1279 2908 ίσχύ·

184 2964 224 3004 ειν
250 2938 419 3017 βουλόμενοι
450 2939 500 3002 cci
523 2940 590 3011 τοὺς
613 2940 784 3011 ώδικούντοος
807 2947 958 3017 μισοῦντες
981 2946 1038 3004 τών
1061 2939 1203 3021 ὑμετέρων
1226 2964 1280 3004 κιν-

182 3050 269 3116 δύνων
299 3050 447 3129 μετέσχον
480 3050 593 3134 [πώνης
622 3057 710 3127 τιμῆς
738 3051 787 3114 ucri
810 3049 933 3132 χώριτος
957 3049 1054 3126 ἀξίους
1078 3049 1197 3130 νομίζω·
1222 3047 1279 3113 ύσοι

182 3161 211 3225 δὲ
234 3163 331 3231 ωύτοῖς
353 3161 396 3234 μη
420 3159 641 3226 συνεκινδύνευον
660 3160 730 3239 μέν,
754 3159 831 3238 ύμως
852 3161 881 3224 δὲ
902 3157 963 3224 ύσον
984 3161 1117 3226 ἐθύνοιντο
1133 3159 1276 3243 ὠφέλουν]

183 3271 214 3334 οὐ
244 3269 377 3348 πονηροὺς
408 3267 478 3334 εἶνοιι
509 3272 651 3350 πολίτως,
685 3271 746 3336 οὐδὲ
774 3272 878 3343 οίδίιιως
910 3270 1019 3344 τούτοις
1046 3270 1126 3353 Φημί
1149 3271 1186 3336 θον
1209 3267 1280 3334 είνοιι

184 3380 328 3457 ύπύηογου
351 3381 402 3454 την
425 3382 536 3445 ἐκείνων
560 3383 671 3462 Φυγύυ.
719 3381 792 3444 Tale
822 3381 898 3466 quid
922 3382 1070 3446 excidisse
1094 3389 1188 3466 put0;
1213 3381 1279 3465 ipsa

185 3490 276 3554 verba
298 3512 388 3553 nemo
412 3491 587 3574 praestabit.
636 3491 675 3554 In
706 3491 743 3554 iis
768 3514 846 3577 quae
870 3493 1007 3577 proxime
1031 3500 1203 3576 sequuntur
1223 3490 1278 3556 ύσοι

185 3602 214 3666 δὲ
246 3600 435 3672 κωτελθύντες
459 3605 486 3666 ἐν
511 3604 690 3684 δημοκροιτίορ
712 3602 745 3667 τὸ
768 3605 822 3679 μὲν
847 3604 980 3684 ὑμέτερον
1004 3605 1109 3678 πλῆθος
1133 3604 1278 3684 ώδιιωύσι,

185 3713 251 3784 τοὺς
282 3711 307 3774 δ’
338 3712 421 3782 ἰδίους
452 3711 541 3784 οίιοους
572 3715 604 3776 ἐκ
631 3721 687 3778 τών
712 3707 855 3794 ὑμετέρων
878 3715 1030 3792 μεγοίλους
1054 3720 1180 3785 ποιοῦσι,
1204 3713 1279 3778 πολὺ
1321 3757 1323 3762 ,

185 3824 302 3898 μᾶλλον
326 3823 423 3892 οιύτοῑς
446 3824 574 3903 προςήκει
597 3823 757 3904 θργίζεσθοιι
783 3826 799 3899 ἢ
821 3832 879 3897 τοῖς
903 3825 1059 3904 τριώιοοντοο
1084 3823 1280 3888 scribendum

186 3934 341 4011 προςηιιειν.
389 3933 529 3998 Sectione
556 3939 596 3998 lt
616 3939 652 4008 ὡς
672 3975 717 3986 —-
739 3937 884 4012 ποιήσουσι
904 3938 964 4002 iam
986 3938 1115 4002 correxit
1135 3936 1280 4001 Cebetas,

230 4045 247 4127 p
274 4045 323 4106 15.
371 4041 441 4108 ύτοιυ
464 4047 523 4126 γθιρ
551 4048 728 4126 ἡγησώμεθοο
752 4049 892 4127 σωτηρίοις
916 4050 1127 4131 οἰντειληφθοοι,
1153 4045 1282 4126 δεινότερ’

188 4154 243 4218 ὑπὸ
277 4160 333 4218 τών
370 4155 512 4236 ἡμετέρων
543 4160 691 4239 ώρχύυτων
723 4160 883 4240 ποίσχομεν
909 4161 925 4236 ἢ
948 4161 1002 4224 ὑπὸ
1031 4166 1086 4225 τών
1109 4160 1281 4237 πολεμίων.

187 4266 385 4344 Ἡγησώμεθοο
408 4269 479 4332 ferri
503 4291 565 4332 non
589 4277 708 4354 potest,
733 4271 793 4336 nisi
817 4282 963 4355 sequatur
987 4273 1138 4335 futurum.
1168 4269 1284 4355 Legen-

189 4374 264 4440 dum
289 4377 439 4454 ἡγώμεθοι.
488 4379 623 4444 Cobetus
647 4378 694 4446 ύτε
717 4383 776 4462 γθιρ
801 4382 988 4462 ηγησώμεθιι.
1037 4382 1096 4446 Sed
1120 4403 1181 4444 non
1206 4405 1283 4446 asse·

1125 4495 1162 4552 15
