3128 5208
854 497 896 556 44

333 717 362 779 p.
378 696 428 758 67.
461 693 579 779 Operae
601 694 695 778 igitur
717 695 848 780 pretium
872 695 999 759 fortasse
1020 695 1143 774 faciam,
1161 696 1186 759 si
1203 695 1423 780 exploravere,

333 828 407 870 num
438 805 513 869 haec
544 807 641 870 oratio
672 805 711 870 ed
739 806 864 871 eandem
890 829 959 871 cum
983 806 1162 871 Andocides
1185 829 1306 871 causam
1331 807 1426 891 perti-

334 924 405 980 neat
429 924 460 979 et
482 939 551 982 vere
574 918 679 983 habita
703 920 751 983 sit.

378 1026 551 1092 Secundum
582 1028 772 1093 Andocidem
804 1028 964 1116 Cephisius
994 1028 1107 1105 ἔνδειξιν
1130 1029 1270 1106 aeneia
1293 1029 1325 1092 in
1352 1051 1426 1092 eum
1535 1029 1536 1038 ’

290 1219 292 1223 Ι
334 1138 462 1217 detulit,
497 1139 578 1224 quod
601 1138 815 1204 denunciasset
838 1147 955 1224 patrem
979 1147 1103 1224 propter
1125 1140 1268 1225 mysteria
1291 1138 1426 1216 violata;

335 1259 440 1315 contra
463 1251 520 1315 hoc
543 1252 657 1316 crimen
681 1275 712 1316 se
736 1251 872 1316 defendit
895 1257 996 1316 orator
1018 1253 1034 1337 q
1059 1253 1198 1316 19-33.
1236 1250 1426 1315 Hermarum

335 1363 550 1428 mutilatorum
575 1372 713 1429 auctores
737 1387 768 1428 se
792 1363 939 1428 detulisse
961 1365 1092 1443 fatetur,
1118 1365 1171 1430 sed
1194 1385 1287 1448 quum
1309 1362 1364 1427 alii
1381 1385 1429 1425 ao-

337 1481 495 1538 ousassent
517 1476 712 1553 innocenter,
737 1475 841 1561 plures
868 1499 900 1540 se
923 1476 977 1560 illa
999 1476 1152 1541 delatione
1175 1497 1307 1540 servasse
1332 1495 1427 1558 quam

334 1585 503 1672 perdidisse
527 1585 663 1650 defendit
686 1625 730 1636 -—
752 1589 768 1672 d
790 1589 840 1651 70.
866 1587 913 1650 Ex
928 1587 1107 1652 Isotimidae
1124 1587 1328 1672 psephismate
1341 1606 1428 1648 nunc
1537 1647 1538 1672 ,

335 1720 366 1762 se
397 1698 549 1774 accusari,
580 1697 612 1761 in
640 1720 708 1776 eos,
734 1699 787 1782 qui
810 1699 949 1776 ἀοέβενοον
974 1699 1104 1770 confessi
1127 1699 1207 1775 sint,
1231 1697 1311 1774 lato,
1339 1694 1428 1780 quod

334 1809 366 1872 in
390 1832 439 1887 se,
465 1831 559 1893 quum
584 1809 750 1894 impietatis
773 1832 835 1873 non
859 1811 1017 1874 convictus
1038 1810 1095 1887 sit,
1112 1809 1190 1873 nihil
1206 1809 1322 1885 valeat3
1341 1805 1428 1892 quod

336 1921 360 1984 si
391 1920 439 1984 vel
472 1920 601 1984 maxime
631 1921 744 2000 ἀσεβής
776 1921 833 1998 sit,
866 1930 967 1985 tamen
999 1943 1033 1984 eo
1065 1919 1270 2007 psephismate
1302 1942 1334 1983 se
1363 1941 1428 1981 uon

336 2032 451 2109 teneri,
476 2032 619 2117 quoniam
645 2041 715 2096 ante
738 2032 898 2097 Euclidem
922 2033 1018 2097 letum
1043 2033 1147 2096 sit-
1166 2033 1273 2117 5105.
1304 2029 1428 2094 Horum

338 2144 500 2208 criminum
521 2148 563 2229 (1.
579 2146 745 2230 impietatis
765 2146 798 2209 in
817 2153 951 2230 patrem,
974 2148 1004 2208 2.
1022 2144 1202 2208 Hermarum
1219 2142 1427 2216 deiectorum,

337 2257 367 2318 3.
392 2255 575 2340 templorum
601 2254 769 2319 Andocidis
789 2257 960 2340 praesentia
975 2255 1216 2340 profanatorum)
1234 2258 1425 2337 postremum
1539 2273 1540 2302 1

337 2373 493 2429 tantuma
512 2364 739 2450 PseudoLysia
753 2365 931 2450 respicitur,
955 2366 1044 2429 cuius
1063 2372 1130 2429 tota
1150 2364 1377 2449 argumentatio
1395 2363 1427 2426 in

339 2499 374 2540 eo
390 2482 536 2554 versatur,
551 2484 587 2539 ut
599 2475 801 2555 demonstret,
814 2499 876 2541 non
893 2477 1022 2562 dignum
1037 2499 1102 2540 esse
1117 2477 1206 2543 venia
1222 2474 1426 2551 Andocidem,

339 2587 503 2653 arcendum
523 2610 588 2652 esse
608 2611 626 2651 a
644 2589 857 2653 communione
878 2611 1030 2652 sacrorum
1051 2596 1082 2652 et
1099 2576 1241 2653 civitatis.
1278 2586 1428 2672 Mysteria

339 2699 468 2763 strictim
491 2707 612 2763 tuntum
635 2707 910 2764 commemorantur
933 2699 991 2764 sub
1014 2700 1105 2764 finem
1127 2701 1144 2784 d
1164 2702 1217 2778 50,
1240 2702 1291 2763 51.
1323 2697 1427 2762 Patris
1540 2729 1541 2750 r

338 2833 491 2895 nusquam
515 2808 626 2874 diserta
649 2810 763 2874 mentio
788 2817 850 2888 est,
871 2817 992 2875 tantum
1015 2812 1032 2895 d
1055 2813 1097 2873 ct
1123 2810 1237 2875 dicitur
1260 2811 1427 2880 driusands

338 2918 427 2999 sirm,
463 2918 508 2993 οὓς
540 2921 627 2992 αὐτὸς
658 2921 715 3004 ἔφη
746 2920 809 3000 περὶ
840 2921 978 2986 πλείστου
1009 2924 1158 2987 ποιεῖσθαι.
1194 2920 1309 2986 Contra
1340 2918 1426 3006 apud

338 3031 530 3097 Andocidem
552 3031 601 3110 id,
624 3032 658 3096 in
681 3054 742 3116 quo
766 3031 857 3097 cardo
880 3033 925 3096 rei
946 3015 1094 3111 uersatur,
1119 3041 1165 3097 est
1182 3040 1217 3097 ut
1233 3040 1344 3119 purget
1362 3053 1428 3096 sea

338 3144 517 3209 criminibus
549 3167 586 3208 ex
617 3145 772 3229 superiore
806 3153 941 3231 tempore
978 3146 1035 3211 sibi
1070 3146 1213 3224 obiectio,
1246 3147 1278 3209 in
1311 3144 1425 3231 quibus

338 3256 481 3341 mysteria
501 3256 660 3341 profanata
679 3257 777 3341 primo
793 3256 860 3320 loco
881 3265 1029 3320 memoret
1047 3258 1063 3341 q
1080 3260 1128 3321 10.
1165 3255 1290 3320 Novum
1309 3256 1425 3320 crimen

339 3375 369 3430 et
401 3367 530 3453 capitale
562 3367 682 3452 quidem
712 3367 838 3431 effertur
868 3369 884 3453 q
917 3370 996 3445 110,
1026 3367 1108 3452 quod
1132 3367 1323 3453 deposuisset
1354 3389 1425 3450 sup-

339 3478 431 3564 plicia
446 3479 478 3542 iu
495 3478 667 3557 Eleusiui03
688 3479 725 3543 de
743 3479 801 3543 hoo
819 3501 941 3565 quoque
958 3479 1040 3565 opud
1053 3478 1310 3564 Pseudo-Lysiam
1327 3475 1429 3545 ¹altum¹

340 3591 505 3656 silentium.
552 3589 592 3654 Cf
612 3593 628 3676 d
648 3593 706 3670 52,
726 3592 781 3656 ubi
804 3591 897 3655 huius
919 3593 964 3656 rei
987 3593 1100 3656 mentio
1124 3592 1282 3676 aptissima
1304 3592 1421 3656 fuisset.

385 3701 559 3766 Andocides
582 3703 646 3788 ipse
670 3703 865 3787 pertinaciter
887 3710 978 3787 negat
1001 3725 1033 3766 se
1056 3703 1237 3787 deliquisse,
1262 3726 1324 3767 non
1348 3702 1424 3766 Her·

340 3837 404 3878 mes
428 3837 459 3878 se
483 3813 626 3879 deiecisse
649 3815 692 3898 (in
716 3815 814 3900 prima
837 3815 961 3900 quidem
985 3815 1121 3880 oratione
1137 3818 1154 3901 d
1171 3817 1211 3879 29
1230 3822 1260 3880 et
1278 3817 1336 3892 71,
1353 3835 1424 3877 nam

341 3926 373 3989 in
397 3925 491 3990 altera
515 3947 593 4010 quae
615 3926 712 3990 fertur
734 3926 901 4011 deliquisse
923 3951 956 3992 se
979 3925 1096 4011 aliquid
1119 3927 1233 3990 fatetur
1248 3927 1265 4010 q
1282 3928 1298 3990 7
1309 3952 1318 4003 ;
1334 3926 1421 4010 §252

341 4047 378 4119 τῇ
407 4036 475 4102 τότε
505 4037 658 4120 ἀμοορτίᾳ).
702 4037 794 4123 Apud
825 4037 1081 4124 Pseudo-Lysiam
1113 4037 1204 4102 rerba
1234 4037 1313 4100 fiunt
1336 4035 1368 4098 in
1391 4054 1423 4095 re

342 4147 497 4211 confessa)
535 4146 582 4211 Of.
606 4149 623 4231 q
648 4150 705 4212 14:
730 4149 833 4214 ἔπεοτοο
855 4150 879 4213 δ’
902 4152 997 4215 ἐκεῖνον
1022 4150 1074 4227 μὲν
1097 4149 1245 4230 ἀρνοῦντοον
1268 4148 1309 4212 τά
1331 4169 1424 4224 μεμη-

341 4257 464 4341 νυμὲνοο,
497 4256 577 4332 οὗτος
609 4259 633 4323 δ’
655 4262 795 4339 ὁμολογεῖ
814 4271 942 4337 mordear.
989 4261 1125 4346 Sequens
1150 4261 1317 4346 disputatio
1339 4255 1423 4321 insti·

341 4369 442 4434 tuitur
463 4380 500 4435 ut
522 4371 748 4437 demonstretur
770 4376 801 4439 οὐ
823 4383 928 4455 χρῆνοοο
951 4375 1068 4451 γνώμην
1090 4374 1190 4452 ὁμοίοον
1213 4375 1293 4454 ἔχειν
1311 4371 1375 4451 περί
1389 4392 1421 4433 τε

341 4487 396 4545 τῶν
419 4481 592 4562 ἀρνουμένων
615 4484 664 4550 aa>
687 4485 750 4566 περὶ
780 4491 846 4550 τῶν
875 4485 1152 4564 ὁμολογούντων.
