3074 5210
606 489 668 552 156

119 689 326 770 Archeatrotaa,
362 688 603 766 Protomachus‚
640 688 825 774 Thrasylus,
859 688 1056 771 Aristoganas
1088 682 1183 770 (Hell.

6 871 7 878 ἵ
118 800 139 864 I.
160 803 185 863 5.
210 803 268 871 16).
314 800 362 863 Ex
392 799 440 864 his
464 807 533 884 post
557 798 708 883 proelium
733 798 840 864 navale
864 798 903 862 ad
927 797 1098 882 Mytilenen
1123 818 1186 882 ger·

6 915 7 920 ’
116 919 170 976 tum
189 911 270 976 Leon
294 933 365 976 cum
390 909 516 975 Conone
537 918 568 974 et
588 909 749 974 Erasinidc
766 911 799 974 in
821 916 945 994 portum
965 907 1186 992 Mytilenaeum

116 1022 293 1108 conhrgiunt,
320 1021 375 1085 ubi
396 1045 413 1084 a
432 1021 627 1086 Callicratide
648 1020 830 1085 obsidentur
850 1019 887 1103 (Ι.
908 1021 1016 1104 6.16).
1041 1017 1188 1102 Reliquos

116 1139 214 1216 septem
243 1131 403 1218 probabile
434 1141 481 1197 est
513 1131 701 1217 expeditioni
733 1153 861 1216 propere
893 1130 985 1194 domo
1015 1131 1125 1195 missae
1149 1129 1187 1192 ad

115 1242 288 1308 liberandum
321 1243 481 1308 Cononem
505 1243 683 1328 praefuisse.
728 1242 788 1307 Sed
813 1241 896 1306 Hell.
922 1242 948 1306 I.
975 1245 1003 1305 6.
1029 1243 1070 1304 29
1097 1241 1189 1304 duces

114 1353 144 1416 ad
166 1355 330 1439 Arginusas
351 1362 562 1418 memorantur
582 1355 803 1430 Aristocrates,
826 1352 1016 1431 Diomedon,
1037 1351 1189 1431 Pericles,

113 1467 292 1546 Erecthides,
328 1464 567 1544 Protomachus,
601 1464 783 1550 Thrasyhrs,
818 1466 946 1547 Lysias,
973 1463 1189 1547 Aristogenes,

113 1573 157 1638 ubi
171 1575 314 1640 omissum
331 1575 414 1638 vides
429 1575 664 1640 Archestratum
672 1623 681 1653 ,
701 1581 890 1659 praesentem
911 1573 1119 1650 Erasinidem,
1138 1574 1191 1657 qui

112 1684 238 1750 obsessus
272 1687 373 1751 fuerat
409 1685 586 1771 Mytilenae.
622 1686 739 1751 Varum
772 1686 798 1749 si
830 1686 1051 1770 comparaveris
1081 1683 1192 1769 Lysiae

113 1795 192 1860 verba
221 1799 237 1882 6
260 1801 296 1875 8,
328 1798 402 1862 haec
425 1797 591 1862 difficultas
615 1804 784 1862 evanescet.
821 1797 959 1872 Ἐτεοδή,
983 1796 1102 1879 inquit,
1128 1797 1192 1867 τοὺς

115 1909 187 1982 μετὰ
215 1909 368 1989 eparcus
399 1909 469 1974 δέκα
500 1907 627 1986 εἵλεσθε,
660 1906 735 1974 οὗτοι
761 1909 871 1979 τοέντες
895 1907 1044 1985 ἐβούλοντ’
1068 1905 1115 1972 ἐπὶ
1139 1913 1192 1981 τῆς

112 2018 175 2093 ἐνῆς
197 2021 261 2092 νεὼς
286 2027 390 2094 τλοῖν,
411 2019 502 2098 dultin
527 2021 624 2095 μέντοι
647 2018 866 2100 Ἀρχέστρατος
890 2020 903 2083 ὂ
927 2018 1088 2098 Φρεοὶρῤνος·
1114 2017 1194 2082 clnc-

111 2129 259 2203 6οονοντος
292 2130 324 2196 bl
356 2131 480 2196 τούτου
510 2134 543 2195 ἐν
570 2132 752 2212 Montanae
775 2128 988 2209 Ἐροοοονίδνς
1013 2127 1088 2205 μετ’
1112 2128 1195 2204 ἐμοῦ

111 2240 280 2310 οονέτλεν.
327 2242 440 2307 Emisit
464 2242 635 2307 secundum
659 2242 898 2328 Xenophontem
921 2239 958 2322 (Ι.
985 2242 1014 2303 6.
1042 2239 1094 2322 19)
1118 2237 1195 2301 duas

111 2374 193 2416 naves
213 2352 339 2429 (loiron,
365 2375 496 2436 quarum
520 2352 615 2416 altera
639 2352 768 2418 feliciter
792 2352 905 2429 evasit,
932 2359 963 2415 et
985 2350 1133 2414 nuncium
1158 2349 1196 2412 de

111 2463 261 2530 obsidione
293 2464 431 2528 Athenas
456 2463 571 2528 attulit.
618 2462 712 2544 Quod
736 2465 762 2527 si
786 2463 976 2547 copulaveris
1000 2484 1069 2526 cum
1086 2459 1195 2546 Lysiae

111 2574 218 2652 verbis,
236 2572 396 2660 apparebit
413 2573 647 2638 Archestratum
665 2596 742 2637 nave
761 2574 890 2638 oratoris
911 2582 1033 2637 vectum
1045 2573 1078 2635 in
1090 2594 1196 2656 pugna

111 2683 289 2767 Mytilenaeo
310 2683 472 2761 cecidisse,
492 2690 599 2767 postea
618 2683 813 2747 Erasinidem
832 2682 929 2760 hanc,
948 2690 1057 2768 utpote
1078 2683 1196 2748 celerri-

109 2816 199 2872 mam,
225 2794 439 2860 conscendisse
464 2816 561 2878 eaque
585 2795 716 2860 feliciter
736 2795 877 2858 evasisse.
913 2793 963 2858 Ite
980 2793 1196 2878 Xenophontis

109 2906 267 2970 auctoritas
299 2906 419 2990 egregie
451 2904 646 2982 defenditur,
671 2927 772 2988 neque
796 2905 854 2969 erit
877 2927 931 2969 cur
954 2904 980 2968 I.
1007 2906 1037 2969 6.
1066 2909 1123 2969 16:
1148 2906 1197 2971 acl

108 3017 292 3099 κοτοοφεύνεν
316 3018 340 3100 (ὃ
364 3017 470 3100 Κόνων)
493 3017 533 3088 εἰς
556 3018 728 3090 Μυτιλήνην
753 3023 806 3090 τῆς
831 3015 950 3092 Λέσβον
973 3017 1022 3082 ccl
1047 3017 1098 3082 σὺν
1119 3020 1198 3099 αὐτῷ

107 3133 158 3196 τῶν
180 3129 249 3195 ltus
272 3133 447 3209 οτοοοτννῶν
469 3128 551 3194 Λέων
574 3127 623 3192 κο)
645 3127 824 3207 Ἐροοοννῶνς
850 3127 940 3192 verba
963 3128 1022 3192 tria
1043 3135 1197 3212 postrema

107 3258 173 3303 cnm
203 3240 311 3304 multis
341 3239 511 3303 editoribus
535 3245 566 3302 et
589 3236 715 3302 Nabero
730 3238 901 3322 (Mnemon
927 3238 961 3316 I,
987 3262 1016 3324 p.
1043 3241 1119 3324 230)
1143 3240 1198 3304 du·

2 3429 3 3432 )
108 3350 171 3415 hiae
194 3352 387 3416 auctoritatis
411 3357 566 3435 putemus.
613 3348 694 3414 Nam
716 3349 800 3433 quod
819 3350 944 3414 Leontis
965 3373 1078 3415 nomen
1099 3374 1199 3415 errore

2 3493 3 3516 r
107 3463 259 3548 irrepsisse
283 3469 395 3548 putant
419 3469 450 3525 et
472 3461 531 3525 hoc
555 3459 622 3525 loco
643 3468 673 3525 et
692 3460 718 3524 I.
742 3463 771 3524 5.
798 3463 835 3523 16
857 3484 913 3545 pro
936 3463 1051 3545 Lyciae
1070 3462 1117 3526 vel
1138 3464 1199 3546 lys-

2 3617 3 3640 .
107 3579 207 3637 aoniae
230 3596 340 3658 parum
364 3573 591 3660 probabilitatis
616 3572 727 3651 habet;
752 3595 860 3657 parum
886 3574 967 3637 enim
991 3574 1133 3638 convenit
1154 3574 1199 3638 in-

2 3703 3 3718 *
107 3689 150 3746 ter
177 3694 348 3751 ΛΕΟΝΤΑ
382 3691 412 3748 et
442 3693 613 3760 niolam
645 3691 675 3748 et
705 3683 788 3747 idem
818 3685 927 3749 vitium
960 3686 1039 3749 forte
1067 3695 1199 3770 utroque

106 3793 170 3858 loco
201 3817 218 3858 a
246 3794 377 3860 librariis
410 3794 605 3859 commissum
629 3817 694 3858 esse
718 3795 778 3858 nisi
803 3801 939 3860 statuere
963 3796 1074 3874 velleS,
1099 3798 1197 3882 ipsius

106 3907 259 3990 scriptoris
294 3906 489 3992 neglegentia
524 3906 604 3969 foret
632 3905 811 3969 incusanda.
859 3905 919 3970 Sed
954 3906 1033 3970 nihil
1063 3883 1203 3973 necesse.⁸

107 4013 187 4079 Leon
220 4015 283 4078 dux
314 4022 435 4079 creatus
468 4021 514 4079 est
537 4014 574 4098 (Ι.
602 4017 631 4078 5.
659 4017 729 4098 16),
755 4023 785 4079 et
808 4016 950 4080 obsessus
975 4040 1045 4082 eum
1070 4017 1197 4083 (lenone

105 4125 140 4207 (Ι.
167 4129 196 4189 6.
224 4128 295 4210 16);
327 4125 435 4210 Lysias
459 4126 491 4190 in
517 4126 582 4189 eius
606 4127 707 4190 locum
732 4126 917 4192 substitutus
942 4130 1093 4213 proelium
1117 4153 1197 4195 oom-

105 4237 198 4301 mittit
216 4236 254 4299 ad
274 4236 445 4320 Arginusas
462 4236 499 4319 (I.
521 4239 549 4300 6.
569 4239 639 4318 29),
651 4237 678 4299 is
691 4259 814 4302 causam
827 4237 903 4302 dicit
916 4240 1047 4304 Athenis
1061 4239 1103 4326 (I.
1119 4243 1148 4306 7.
1165 4245 1194 4326 1)

106 4354 135 4410 et
163 4347 327 4411 damnatus
355 4348 549 4411 interficitur.
597 4346 699 4431 igitur
722 4347 809 4412 Leon
832 4350 864 4414 in
889 4350 1048 4415 obsidione
1072 4374 1197 4432 caesus,

104 4459 136 4522 in
159 4461 286 4543 eiusque
309 4457 413 4522 locum
438 4457 547 4545 Lysias
571 4457 761 4525 substitutus
785 4461 923 4540 videtur,
949 4464 1032 4552 quod
1056 4487 1073 4528 a
1097 4464 1199 4530 Xeno-
