3128 5208
728 449 766 514 ⁷1

188 654 340 732 γραφήν,
363 657 396 714 ut
418 651 562 734 quoniam
585 649 702 714 civitati
727 650 793 713 inre
817 647 956 714 debitum
980 671 1041 713 non
1064 649 1204 715 solvisset
1221 673 1290 734 pars

189 761 350 826 bonorum
373 762 588 849 publicaretur.
635 760 783 826 Poterant
806 785 843 826 ex
866 761 913 826 bis
934 762 1077 829 omnibus
1094 762 1155 827 duo
1171 762 1289 827 diversa

189 873 287 938 nasei
310 873 419 939 iudicia
442 874 587 939 nimirum
604 881 722 960 praeter
737 875 934 956 dampnatoria,
952 875 989 938 de
1006 895 1066 958 qua
1081 874 1138 938 hae
1154 874 1290 937 oratione

187 986 303 1070 agitur
324 985 470 1052 iudicium
493 985 684 1066 ιὶττρκτείιις.
732 983 834 1070 Igitur
857 984 894 1048 de
918 984 965 1048 nis
989 985 1088 1048 verbis
1113 985 1289 1066 τροῦθεσιιν,

187 1121 223 1162 κ.
250 1122 280 1163 τ.
304 1097 327 1161 ἑ.
358 1096 462 1182 quaeri
494 1103 595 1181 potest
623 1118 697 1160 num
721 1096 798 1161 lorte
822 1095 992 1160 referantur
1014 1095 1053 1160 ad
1076 1097 1215 1182 superius
1239 1096 1291 1160 ali·

187 1207 282 1294 quod
304 1207 462 1272 iuditium.
508 1203 569 1270 Sed
599 1229 676 1292 quae
708 1215 880 1292 sequuntur
911 1205 1108 1288 ζημιώσαντες
1130 1247 1175 1257 -
1200 1207 1289 1285 λόγου

185 1320 365 1384 necessario
399 1317 551 1404 explicent
585 1318 701 1395 fusius,
738 1339 815 1402 quae
847 1318 880 1382 in
911 1319 1048 1403 proxime
1079 1319 1288 1404 superioribus

187 1430 318 1495 brevius
340 1430 423 1494 dieta
445 1437 541 1494 erant.
588 1427 698 1512 Itaque
721 1450 784 1492 non
809 1437 939 1512 possunt
962 1429 1037 1494 haee
1061 1429 1288 1514 (βουλεύσασθαι

187 1542 259 1622 περὶ
283 1547 334 1606 τοῦ
356 1539 503 1622 σώματος)
526 1539 632 1604 referri
656 1537 694 1602 ad
718 1539 859 1624 superius
882 1537 1048 1617 iudicium3
1073 1541 1226 1626 pertinent
1249 1541 1287 1605 ad

186 1657 350 1731 muletam,
381 1650 419 1715 de
449 1673 510 1735 qua
538 1673 620 1716 nune
640 1657 776 1736 primum
798 1671 901 1714 eoram
923 1651 1038 1736 populo
1063 1653 1175 1737 egitur.
1223 1653 1287 1718 Iam

187 1764 339 1849 explicari
362 1764 488 1828 fortasse
512 1769 629 1848 potest,
654 1761 751 1826 nihilo
763 1761 865 1826 minus
881 1760 940 1826 hoe
955 1762 994 1825 de
1009 1762 1125 1826 mulcta
1139 1763 1287 1829 iudicium

188 1873 332 1955 περὶτοῦ
356 1875 491 1950 σώματος
515 1895 579 1938 esse
602 1873 679 1951 diei,
704 1871 774 1938 eoll.
797 1875 814 1958 t
838 1875 898 1950 21;
922 1895 985 1938 non
1007 1874 1204 1960 potestquod
1221 1898 1287 1960 pro-

187 1988 274 2050 xime
305 1985 445 2051 additur:
477 1986 508 2049 τί
537 1985 560 2049 δ’
590 1983 626 2050 ἂν
656 1983 787 2066 ἔτροιξιιν
821 1983 979 2061 μέλλοντες
1003 1984 1130 2060 μεγάλοι
1156 1987 1209 2063 μὲν
1233 1986 1285 2064 ἐμὲ
1342 2001 1345 2008 ’

186 2097 341 2179 βλάψειν,
365 2096 466 2160 πολλοὶ
489 2095 514 2160 δ’
536 2095 655 2166 ἑκυτοὺς
679 2095 858 2176 ὠφελήσειν.
884 2092 980 2166 οἵτινες
1003 2094 1191 2176 οὐδετέρου
1214 2098 1286 2163 τιν’-

184 2233 259 2273 των
290 2209 518 2290 ὑπάρχοντος
545 2208 647 2273 adara
672 2206 736 2286 περὶ
763 2205 915 2280 ἐλάττονος
939 2212 1084 2273 τοιοῦντνιι
1108 2215 1158 2273 τοῦ
1177 2209 1284 2274 albineo.

188 2319 274 2384 Nam
303 2320 377 2385 haee
407 2320 566 2384 manifeste
597 2324 756 2403 pugnant,
786 2317 846 2382 nisi
874 2317 1040 2383 κινδυνεύειν
1062 2319 1126 2397 περὶ
1150 2320 1285 2397 σώματος

188 2431 314 2496 videtur
335 2432 409 2496 levis
432 2453 480 2496 res
503 2430 604 2514 (μικρὰ
626 2427 756 2510 βλάβει).
805 2427 923 2492 Rursus
952 2429 985 2512 in
1015 2430 1214 2514 sequentibus
1239 2431 1285 2496 bis

190 2563 316 2606 eausam
338 2542 450 2608 dixisse
474 2541 646 2627 Polyaenus
669 2539 799 2605 totidem
821 2540 922 2605 verbis
944 2539 1077 2604 traditur
1099 2543 1116 2626 o
1141 2543 1198 2605 18:
1227 2566 1285 2607 τοι·

190 2653 376 2734 ριιγοιγόντες
406 2654 435 2718 δὲ
458 2652 568 2718 aelata
589 2653 653 2733 περὶ
678 2657 733 2718 τῶν
756 2654 861 2718 αὐτῶν.
909 2651 951 2715 nt
974 2652 1128 2737 superiore
1151 2654 1284 2738 quodam

188 2765 305 2831 iudicio
336 2768 368 2832 ἐκ
398 2773 450 2840 τῆς
479 2765 590 2838 πόλεως
612 2764 739 2842 ἐξηλάθη
766 2766 843 2850 §17
857 2788 867 2825 :·
888 2765 922 2830 τὸ
945 2765 974 2829 δὲ
997 2773 1183 2844 τελευταῖον,
1208 2769 1285 2846 νομί-

189 2879 285 2959 ζοντες
316 2881 372 2958 οὐχ
399 2879 502 2950 ἱκανῶς
526 2902 565 2955 με
590 2878 818 2957 τετιμωρῆσθαι,
845 2875 891 2962 [τὸ
914 2876 1018 2962 τέρας]
1044 2879 1077 2942 ἐκ
1099 2885 1151 2952 τῆς
1172 2877 1283 2952 πόλεως

189 2988 348 3065 ἐξάκουστον.
396 2987 438 3052 Et
468 2994 570 3052 tamen
601 3009 684 3052 nune
716 3009 838 3051 eausam
870 2985 946 3051 dieit
977 2996 1008 3050 et
1030 2986 1068 3051 ab
1091 2990 1144 3052 Ιιοο
1167 2989 1282 3055 indicio

76 3099 80 3104 ’
188 3100 321 3186 pendere
343 3107 491 3178 testatur,
515 3121 591 3164 num
612 3106 735 3164 maneat
757 3098 790 3162 in
815 3098 937 3163 civitate
960 3101 977 3184 o
1000 3100 1053 3163 tl.
1093 3097 1174 3165 Nolo
1191 3103 1282 3168 nimis

188 3233 323 3298 premere
354 3211 408 3276 illa
438 3211 528 3276 verba
558 3212 620 3291 περὶ
652 3216 707 3276 τῶν
737 3213 850 3286 αὐτῶν,
874 3218 910 3275 ut
933 3210 971 3275 de
994 3210 1112 3276 mulcta
1135 3212 1280 3278 solvenda

189 3323 237 3388 bis
261 3324 289 3387 ei
311 3323 376 3387 dies
402 3322 504 3387 dietus
531 3322 656 3400 luisset,
685 3359 730 3370 -
756 3320 839 3405 quod
866 3328 902 3384 ut
929 3343 1134 3401 sumeremus,
1162 3323 1280 3408 reliqua

188 3434 337 3500 orationis
360 3456 429 3519 pars
451 3455 514 3498 non
537 3432 737 3518 permitteret.
783 3430 844 3496 Sed
867 3432 914 3496 lae
937 3432 1125 3518 Polyaenum
1148 3435 1280 3519 primum

189 3553 314 3632 propter
342 3545 519 3625 a'rroarslua
549 3543 806 3621 condemnatum
839 3544 894 3630 qui
922 3544 1064 3616 convenit
1086 3567 1155 3609 eum
1180 3545 1279 3610 dieere

189 3681 223 3722 se
245 3657 336 3722 exilio
360 3655 543 3722 mulctatum
571 3654 658 3719 esse?
703 3653 807 3719 Poena
830 3662 893 3719 erat
914 3656 1038 3733 ἀτιμία,
1059 3667 1151 3741 quam
1174 3657 1201 3721 si
1223 3658 1280 3722 Po·

188 3769 316 3854 lyaenus
345 3767 556 3852 aequiparavit
586 3788 656 3830 enm
687 3764 797 3844 exilio,
834 3766 981 3849 quoniam
1011 3771 1276 3836 commorationem

186 3881 222 3944 in
253 3879 328 3944 urbe
363 3879 507 3943 damnato
539 3878 598 3943 sibi
628 3875 851 3942 intolerabilem
882 3877 1025 3963 putabat,
1061 3887 1164 3946 tamen
1194 3906 1277 3948 nune

186 3989 294 4067 ἄτιμος
324 4011 446 4056 eausam
477 3989 577 4054 dicere
605 4012 667 4053 non
698 3995 827 4073 poterat.
874 3987 916 4051 nt
943 3988 981 4053 de
1009 3991 1108 4075 priore
1131 3992 1185 4056 illa
1208 4016 1277 4058 eon·
1360 4002 1363 4018 '

186 4102 382 4166 damnatione
411 4103 445 4166 in
475 4121 582 4166 causae
609 4101 800 4164 enarratione
823 4099 914 4184 plane
937 4100 1052 4166 siletur.
1099 4103 1178 4168 Sunt
1202 4105 1276 4169 haee

186 4213 307 4290 omnia,
330 4220 366 4277 ut
388 4212 542 4278 lenissime
566 4212 682 4290 dicam,
707 4210 874 4276 admodum
896 4211 1027 4277 obscura
1049 4222 1080 4278 et
1102 4215 1146 4278 ita
1156 4237 1276 4301 eompa-

184 4333 270 4402 rata,
294 4331 330 4388 ut
352 4347 444 4410 parva
466 4325 637 4389 mutatione
660 4347 707 4388 res
730 4323 867 4388 resarciri
889 4345 953 4387 non
975 4327 1081 4410 possit.
1117 4324 1182 4390 Neo
1198 4328 1274 4392 tales

184 4444 381 4504 removentur
411 4439 631 4524 repugnantiae
661 4444 796 4503 assumta
818 4436 929 4499 lacuna
952 4445 1006 4503 aut
1030 4437 1272 4526 interpolatione.
