3074 5210
629 471 668 536 77

112 675 179 740 dieis
197 693 291 738 eausa
309 693 458 738 measure.
491 669 601 756 Neque
624 669 657 734 in
681 669 774 754 Ager.
799 669 866 752 (13)
888 669 906 753 t
928 669 969 732 89
995 687 1126 753 agnosco
1149 668 1194 732 in·

111 785 271 850 versionem
294 782 397 862 illam;
421 779 491 862 ὅρκοι
514 779 563 846 καὶ
589 780 724 856 οννθῆιιαι
748 801 811 844 non
827 785 948 844 exstant
963 779 1024 844 nisi
1038 801 1058 844 a
1072 779 1193 844 duabus

111 895 240 982 partibus
273 895 352 960 inita
359 921 369 974 ;
403 915 480 979 quae
512 893 691 978 pepigerant
720 893 744 957 οἱ
772 895 801 958 ἐν
829 897 959 970 Πειραιεῖ
985 893 1053 973 πρὸς
1075 893 1141 964 τοὺς
1165 893 1194 956 ἐν

110 1005 185 1072 οἶοτει
209 1008 237 1092 (t
261 1007 336 1091 88),
361 1027 396 1071 ea
418 1004 600 1089 obligabant
623 1004 715 1068 etiam
738 1004 804 1075 τοὺς
828 1005 855 1069 ἐν
879 1001 962 1068 ἄστει
985 1003 1053 1082 πρὸς
1077 1004 1142 1076 τοὺς
1166 1005 1195 1068 ἐν

111 1123 234 1196 Πειραιεῖ.
278 1116 362 1182 'Palis
391 1116 484 1181 etiam
511 1115 589 1180 ratio
616 1115 718 1179 estin
742 1114 899 1180 διανοεῖσθαι
922 1114 991 1197 πρός
1014 1139 1078 1180 τινα
1100 1116 1119 1200 t
1142 1116 1194 1178 82.

111 1225 185 1307 Quid
210 1227 274 1292 hue
298 1227 390 1292 faeiat
412 1227 445 1292 iu
469 1226 536 1291 Ale.
561 1224 579 1290 I
603 1227 679 1310 (14).
706 1225 805 1306 turta
820 1225 886 1298 τοὺς
905 1224 1036 1306 πατέρας
1057 1224 1195 1302 statana·

109 1343 193 1420 φορᾶς
225 1341 417 1421 ὑπαρχούσης
448 1357 510 1403 nou
542 1359 702 1423 assequor3
734 1356 805 1402 nam
834 1336 986 1402 sententia
1013 1344 1075 1402 est:
1100 1358 1197 1421 quum

109 1457 209 1514 mutuo
233 1450 308 1516 odio
332 1451 409 1516 alter
432 1449 558 1514 alterius
581 1456 698 1535 patrem
723 1448 980 1528 insectaremur,”
1003 1469 1082 1526 non,
1104 1454 1141 1511 ut
1156 1447 1197 1512 D.

110 1560 188 1639 vult,
212 1567 272 1628 τῶν
296 1561 426 1644 πατέρων
449 1561 517 1642 πρὸς
542 1563 702 1637 ἀλλήλους.
750 1560 788 1624 In
812 1583 904 1645 quam
928 1560 1109 1625 sententiam
1128 1559 1197 1642 quis

111 1669 213 1736 dixerit
245 1674 373 1763 διαφορὰ
403 1671 529 1755 ὑπάρχει
562 1675 631 1755 πρὸς
657 1674 723 1746 τοὺς
746 1672 900 1754 πατέραοΡ
946 1670 1006 1736 Pro
1029 1670 1100 1736 bon.
1121 1667 1196 1734 nic.

112 1783 141 1846 ir.
164 1786 231 1871 (18)
257 1787 409 1852 6ιτοιοιῦτ’
431 1783 574 1866 ἐνομίζετο
598 1785 638 1849 τοὶ
658 1783 821 1866 ὑπάρχοντ’
844 1786 923 1866 αὐτῷ
946 1783 1014 1865 πρὸς
1038 1782 1070 1848 τὸ
1093 1782 1196 1860 ὑμέτε-

112 1917 148 1972 ρον
168 1898 281 1972 πλῆθος
305 1892 376 1962 εἶναι
401 1894 450 1960 καὶ
474 1894 521 1960 aa
543 1896 609 1968 τοὺς
632 1891 784 1976 προγόνους
807 1895 856 1960 καὶ
880 1894 914 1960 t·
931 1894 1036 1970 αὐτόν,
1060 1894 1129 1961 ὥστ)
1148 1898 1198 1961 οὐκ

113 2002 142 2069 ιἰν
163 2007 226 2072 ποθ’
251 2007 352 2088 ἑτέροις
376 2007 552 2083 ἐπιθυμῆσαι
576 2007 727 2078 πολιτειάς
750 2006 914 2092 significari
934 2028 1006 2071 sane
1021 2007 1119 2092 possit
1134 2013 1199 2070 tan·

113 2121 169 2180 tum
201 2140 220 2181 a
252 2117 376 2182 civitate
408 2116 455 2180 illi
479 2115 599 2194 deberi,
624 2124 710 2181 tanta
731 2117 820 2182 illum
844 2140 862 2181 a
885 2118 1006 2183 civitate
1030 2118 1180 2204 accepisse
1187 2145 1198 2196 ρ

72 2219 76 2224 ’
116 2225 158 2288 sed
182 2229 346 2314 sequentia
362 2228 388 2291 si
404 2227 541 2292 conferas
558 2236 684 2314 apparet
699 2229 790 2294 verba
805 2230 974 2315 significare
990 2229 1072 2315 quod
1088 2237 1198 2295 sonant

117 2337 261 2417 (μεγαλοις
294 2339 427 2421 εῐςφοροὶς
457 2339 646 2421 εἰςενιρνοχόοι
669 2367 694 2406 ιι.
716 2366 745 2406 τ.
769 2342 805 2426 ἐ.)
845 2340 952 2427 Longe
975 2329 1071 2427 igitur
1093 2341 1125 2405 in
1149 2341 1197 2404 his

116 2450 206 2515 verbis
235 2451 357 2537 (ἔχθρα,
382 2452 558 2527 διακεῖσθαι,
583 2451 725 2534 ὑπάρχειν
749 2453 828 2538 πρός)
852 2454 912 2518 alia
934 2455 1012 2518 ratio
1036 2461 1082 2518 est
1105 2475 1197 2538 quam

115 2560 142 2624 in
166 2563 327 2648 ἔγκλημα,
352 2562 436 2648 quod
458 2564 643 2630 vocabulum
665 2587 728 2630 non
751 2566 920 2630 necessario
944 2575 1084 2630 mutuam
1106 2566 1199 2629 actio·

116 2692 175 2737 nem
206 2676 370 2760 significat.
416 2676 531 2740 'famen
562 2685 598 2741 ut
626 2677 711 2755 loeo,
743 2677 824 2742 unde
855 2677 1010 2763 digressus
1033 2700 1119 2756 sum,
1145 2700 1199 2763 pro

115 2778 207 2850 Mant.
233 2789 310 2872 (16).
338 2790 376 2852 10
401 2787 531 2872 legitur:
564 2788 613 2853 καὶ
642 2790 711 2869 πρὸς
733 2789 800 2860 τοὺς
823 2787 931 2860 ἄλλους
955 2788 1027 2856 οὕτω
1046 2790 1197 2867 βεβίωκα,

115 2890 182 2960 ὅστε
212 2898 407 2976 μηδεπώποτέ
437 2921 485 2976 μοι
516 2898 589 2975 μηδὲ
616 2898 684 2980 πρὸς
707 2895 759 2964 ἕνα
781 2900 868 2976 μηδὲν
892 2899 1033 2978 ἔγκλημα
1055 2899 1198 2979 γενέσθαι.

116 3001 228 3074 Verum
256 3009 311 3074 illo
334 3009 402 3073 loeo
427 3011 493 3091 πρὸς
518 3008 636 3074 dictum
659 3017 735 3095 puto
759 3034 831 3097 pro:
855 3017 975 3077 ratione
998 3017 1126 3078 alicuine
1149 3017 1201 3078 Ιιαι

114 3116 187 3205 bita,
219 3143 294 3206 eryt
323 3123 392 3206 („ut
423 3142 513 3185 nemo
537 3143 683 3206 umquam
707 3122 875 3207 quidquam
898 3123 976 3187 mihi
999 3124 1197 3190 obieceritin

116 3251 165 3304 „se
188 3231 427 3316 commissum.”)
462 3231 535 3296 Tale
559 3255 628 3297 vero
652 3233 728 3317 quid
752 3234 837 3298 loeus
853 3235 885 3298 in
901 3235 1121 3300 Theomnestea
1138 3258 1199 3300 non

117 3339 265 3422 admittit,
296 3344 329 3406 in
360 3365 421 3427 quo
454 3365 514 3406 non
547 3345 649 3429 agitur
671 3345 710 3409 de
732 3345 838 3410 officiis
862 3347 979 3411 civitati
1001 3347 1199 3432 praestandis.

118 3448 217 3530 Quare
240 3454 284 3520 ibi
305 3453 469 3539 legendum
494 3463 568 3538 puto
591 3456 659 3535 πρὸς
683 3457 771 3534 ὑμῶν.
817 3456 943 3535 Haesit,
964 3458 1087 3542 opinor,
1108 3459 1202 3542 epito-

118 3572 213 3630 mator
244 3586 384 3649 quoque,
418 3564 472 3648 qui
504 3566 521 3650 t
551 3568 569 3630 8
601 3565 669 3646 πρὸς
700 3567 779 3645 ὑριοῖς
810 3569 930 3646 omisit,
956 3591 993 3633 ex
1016 3590 1077 3652 quo
1100 3577 1203 3633 tamen

118 3674 235 3740 nullum
260 3661 314 3761 pre
337 3697 405 3739 mea
428 3676 604 3740 coniectura
628 3691 841 3762 argumentum
866 3680 1049 3764 petendum
1074 3681 1203 3744 correxit

120 3787 197 3867 quod
220 3787 410 3865 inveniebat,
434 3794 470 3851 ut
493 3787 585 3873 paulo
609 3796 678 3874 post
701 3813 737 3856 ex
750 3790 881 3855 formula
896 3794 1064 3856 constanti:
1076 3791 1203 3871 βελτίων

114 3882 168 3961 ’καὶ
190 3900 223 3964 ἐκ
243 3897 399 3978 βελτιόνων
422 3898 471 3984 (ef.
496 3900 670 3985 oppositum
693 3901 790 3973 δοῦλος
802 3904 851 3968 καὶ
863 3903 1094 3989 ἕκὸούλων)ῖτίω
1106 3910 1203 3988 poste-

122 4006 200 4074 riora
222 4009 371 4075 voeabula
394 4010 515 4074 omisit(

161 4123 252 4205 §tcta
300 4122 517 4199 ’Aaauua‘stars
541 4123 564 4185 δ’
592 4121 634 4188 ὅτι
657 4121 794 4202 laruatus
817 4125 866 4190 καὶ
889 4125 983 4199 καλὴν
1000 4127 1107 4200 ἐκείνοιν
1122 4125 1203 4206 δῶρον

122 4231 197 4314 αὐτῷ
219 4231 378 4296 δεδώκατε·
403 4234 432 4297 ἐν
455 4229 473 4315 ᾖ
496 4233 540 4305 τίς
562 4237 612 4299 οὐκ
636 4234 672 4300 ἂν
695 4236 821 4310 ἐλεήσειε
841 4235 984 4301 Διονύσιον
1004 4261 1031 4301 κ.
1052 4262 1080 4302 τ.
1102 4239 1124 4304 ἕ.
1154 4235 1203 4300 Sic

123 4336 205 4422 libri;
233 4343 364 4408 editores
393 4365 448 4428 pro
466 4345 552 4427 ’δῶρον
576 4346 804 4412 substituerunt
827 4347 939 4429 δωρεάν.
987 4348 1137 4413 Dubitare
1161 4355 1204 4412 ta·

123 4471 187 4520 rnen
209 4456 281 4520 lieet
304 4477 343 4520 an
366 4455 397 4519 in
421 4466 602 4523 EKEINHN
625 4460 719 4524 lateat
741 4468 895 4525 NEIKHN
912 4459 931 4524 i.
949 4483 974 4522 e.
992 4461 1078 4554 νίιινρν.
1110 4467 1204 4542 Δῶρον
