3126 5210
870 453 930 513 loa

349 651 482 716 Pancleo
505 651 693 715 Plataeensis
720 657 818 726 esset,
846 671 944 733 eoque
964 651 1093 716 consilio
1114 675 1145 716 se
1165 652 1299 717 contulit
1321 652 1360 715 ad
1376 659 1441 714 ton·

348 762 493 838 stainam,
516 784 595 846 quae
615 769 680 824 erat
698 781 792 844 prope
812 760 967 843 porticum
990 760 1184 825 Hermarnm.
1222 761 1364 826 Alterum
1383 760 1440 824 hoo

348 880 411 955 cst,
435 870 519 955 quod
542 873 595 935 κκί
616 879 679 934 tam
703 877 774 934 ante
794 869 862 949 τρίς
882 872 934 944 τὴν
953 873 1070 951 φυλήν,
1091 893 1183 955 qnam
1205 878 1276 934 ante
1292 871 1361 950 πρὸς
1374 870 1439 940 τοὺς

345 993 383 1064 τῇ
407 981 562 1046 difficilem
585 987 640 1044 aut
663 980 768 1064 potius
792 978 909 1044 nullam
934 979 1167 1064 explicationem
1192 980 1339 1044 admittit.
1380 978 1439 1043 Sed

346 1091 431 1155 aliud
456 1100 502 1156 est
525 1093 558 1157 in
578 1093 636 1156 hoc
656 1091 724 1155 loco
744 1090 925 1168 molestum,
945 1091 1054 1170 ἠρώτων
1073 1091 1138 1156 sine
1155 1091 1275 1156 obiecto
1290 1091 1437 1175 positum.

344 1200 558 1266 Necessarium
586 1223 682 1286 paene
712 1208 775 1279 est,
798 1206 834 1263 ut
858 1222 894 1264 ex
918 1200 1126 1284 superioribus
1150 1199 1350 1285 intellegatur
1372 1202 1437 1271 τοὺς

345 1313 502 1384 Δεκελέοις.
550 1309 609 1373 Sed
633 1311 678 1373 ita
701 1331 928 1395 supervacanea
951 1318 1025 1374 sunt
1048 1332 1127 1394 quae
1150 1319 1324 1395 sequuntur
1343 1309 1389 1381 οὕς
1409 1311 1437 1374 τ’

343 1419 530 1499 ἐξευρίσκοιμι
560 1419 721 1487 Δεκελέων.
768 1419 879 1503 Itaque
911 1420 1022 1498 ἠρώτων
1051 1420 1257 1484 omittendum
1288 1429 1351 1498 est,
1383 1429 1437 1484 aut

342 1532 497 1596 obiectum
521 1529 697 1595 addendum
721 1527 759 1592 ab
782 1526 828 1600 οὕς
850 1531 878 1593 τ’
898 1527 940 1604 ἐξ.
965 1540 1038 1594 Aea.
1064 1528 1236 1607 diversum,
1261 1530 1360 1595 veluti
1374 1532 1437 1610 ἐρυ·

341 1648 397 1706 τῶν
412 1643 479 1713 τοὺς
498 1642 663 1721 σοιρίντοιρ,
684 1636 814 1710 σι’ίςτινοις
835 1637 1024 1718 ἐξευρίσκοιμι
1042 1640 1208 1722 Δεκελέος,
1222 1641 1434 1723 ἐτυνίοινίμνν,

341 1773 419 1836 quae
446 1759 549 1815 tamen
579 1749 712 1813 mutatio
742 1749 943 1812 correctionis
967 1748 1072 1835 potius
1097 1771 1189 1834 quam
1214 1749 1434 1814 emendationis

341 1861 450 1924 similis
479 1870 526 1925 est
533 1887 542 1938 3
576 1868 630 1924 aut
657 1859 770 1923 omisso
795 1859 905 1939 ἠρώτων
929 1860 989 1924 sic:
1015 1863 1084 1940 τοιρ’
1108 1857 1144 1924 ὧν
1168 1859 1355 1941 ἐξευρίσκοιμι
1379 1873 1433 1927 Δε-

340 1972 444 2035 κελέων
474 1971 688 2047 ἐσυνίοινίμνν,
722 1967 806 2052 quod
829 1969 927 2052 magis
952 1969 1053 2053 piacet
1076 1976 1106 2033 at
1131 1969 1347 2055 probabilitate
1371 1993 1432 2034 non

339 2089 431 2144 caret.
479 2081 529 2144 Ad
554 2083 623 2160 σοιρ’
647 2076 683 2144 ὧν
707 2078 789 2142 enim
809 2077 941 2142 adscribi
962 2079 1051 2143 facile
1067 2080 1171 2163 potuit
1182 2080 1346 2165 explicatio
1359 2086 1432 2156 τῶν,

338 2188 401 2262 ote:
434 2196 781 2264 nnnnnrnnoro,
810 2187 893 2251 unde
917 2189 1036 2253 exstitit
1059 2199 1337 2258 nonrnnoro.
1385 2189 1429 2254 cf.

336 2302 353 2385 b
378 2304 412 2366 7:
443 2303 529 2366 ἐλθὼν
558 2297 604 2366 οὖν
627 2302 668 2372 εἷς
690 2299 740 2364 τὸν
763 2301 845 2380 τυρὸν
868 2301 964 2380 τοιιίτρ
986 2310 1023 2381 τῇ
1045 2301 1137 2382 ἧμέρρι
1160 2301 1358 2377 ἐτυνίοινίμην
1381 2303 1430 2366 cd·

336 2417 401 2477 τῶν.
425 2411 597 2476 —Verba
628 2417 731 2474 autem
762 2410 990 2489 σοιροιινέσοιντος
1013 2448 1059 2459 -
1080 2412 1238 2486 σκήπτοιτο
1268 2411 1345 2476 mibi
1369 2435 1430 2476 sus·

335 2528 424 2605 pecta
447 2528 530 2585 aunt.

334 2739 483 2803 omissum
506 2760 572 2802 esse
595 2745 665 2823 post
688 2739 755 2802 τίνι
780 2738 942 2815 Naeuiis.
982 2739 1014 2802 Is
1034 2741 1117 2804 enim
1133 2741 1343 2825 intellegitnr3
1360 2765 1429 2806 uam

333 2848 359 2909 is
383 2848 416 2910 in
439 2849 604 2931 proximis,
638 2847 676 2912 ab
700 2854 803 2912 actore
827 2848 867 2912 de
890 2848 1067 2913 Pancleone
1091 2850 1237 2929 edoctus,
1262 2852 1347 2917 hunc
1371 2853 1428 2917 sibi

332 2956 476 3022 vindicat.
526 2956 572 3022 cf.
598 2957 637 3023 ad
663 2961 715 3022 13.
741 2961 793 3022 91.

380 2633 449 2714 p8.
497 2632 544 2695 ιιοιί
574 2635 624 2695 τὸν
654 2628 685 2701 ὃς
717 2631 775 2710 ἔφη
808 2628 951 2704 δεσσίτνς
981 2629 1084 2695 τούτου
1115 2628 1196 2696 οἶνοι.
1243 2629 1317 2695 Non
1340 2633 1430 2697 mirer
1538 2655 1539 2672 ι

374 3068 392 3151 p
417 3070 466 3130 10.
513 3069 574 3133 οὔτ’
602 3070 733 3150 ἀδελφὸς
763 3069 824 3135 οὔτ’
856 3068 948 3140 ἄλλος
979 3070 1067 3143 οὐδεὶς
1103 3069 1192 3148 iada,
1216 3076 1290 3150 νυνίρ
1313 3075 1345 3139 δὲ
1367 3072 1426 3156 Φοί·
1535 3133 1536 3138 ,

328 3180 426 3241 σκουσ’
454 3179 546 3251 κὺτῆς
575 3179 663 3245 οὐτίν
686 3176 758 3243 είνοιι
781 3180 897 3254 δοῦλον,
921 3180 1160 3262 σίμΦιςβντοῦσοι
1183 3185 1223 3264 τῷ
1247 3187 1424 3262 Νικομήδει,

328 3285 388 3349 aa>
417 3290 477 3351 οὐκ
505 3289 570 3370 ἔφη
602 3288 721 3354 ἐοίσειν
751 3291 863 3354 οιύτὸν
894 3287 1012 3366 ίίνειν.
1059 3289 1240 3356 Notandum
1265 3293 1344 3357 illud
1367 3293 1423 3374 ἔφη
1534 3287 1535 3325 ³

326 3402 398 3478 post
419 3395 579 3478 φοίσκουσοο
604 3397 777 3481 (Φοίσκουσοι
801 3398 851 3464 κοιί
875 3398 964 3482 &aab
982 3401 1166 3466 concinnius
1182 3403 1292 3468 fuisset
1307 3406 1358 3469 κιιὶ
1374 3407 1422 3469 οὐκ
1533 3457 1534 3471 ι

326 3507 403 3569 ἐῶσοι
426 3508 514 3573 οιῦτὸν
538 3505 635 3584 ἄνειν.

370 3617 387 3699 p
411 3618 462 3679 11.
510 3616 617 3681 Minus
645 3621 717 3700 apte
739 3616 815 3680 haec
839 3617 1006 3682 dicuutur:
1031 3623 1072 3692 είς
1095 3623 1231 3688 τοῦτοδὲ
1254 3624 1420 3700 βιαιότητος

325 3720 407 3798 dator
437 3724 516 3792 οἵτε
538 3725 678 3807 πορόντες
705 3728 797 3806 τούτῳ
820 3727 880 3792 κοοί
904 3729 1011 3800 odric
1035 3728 1157 3816 οὗτος,
1181 3731 1256 3798 ίίστε
1277 3773 1323 3784 -
1347 3739 1420 3817 νίφε-

321 3835 435 3911 λίμενοι
455 3835 573 3917 ᾤχοντο.
610 3833 683 3899 Non
703 3837 785 3900 euim
804 3835 937 3900 Panoleo
957 3838 1024 3922 ipse
1042 3841 1186 3922 νίφείλετο
1207 3843 1261 3908 sed
1277 3846 1415 3927 οίφρρέίν.

369 3943 497 4009 Collatia
528 3945 610 4009 inter
636 3967 668 4008 se
692 3945 881 4010 sectionibus
908 3949 947 4009 12
974 3953 1005 4010 et
1031 3950 1070 4012 la
1096 3950 1201 4017 videor
1222 3954 1302 4019 mihi
1326 3956 1417 4021 docu-

322 4064 460 4121 mentum
491 4057 644 4132 invenire,
678 4065 865 4141 postremam
896 4079 1022 4122 manum
1046 4063 1131 4145 operi
1155 4085 1218 4128 non
1243 4069 1413 4132 accessisse.

322 4167 355 4231 si
386 4168 456 4252 quis
483 4170 499 4253 p
525 4169 564 4231 la
592 4166 677 4251 legat
700 4167 814 4230 solam:
839 4166 959 4245 ὅτιμὲν
982 4167 1028 4234 οὖν
1052 4177 1223 4248 Πλουτουεὺς
1247 4174 1319 4242 είνοιι
1344 4192 1413 4242 τοκ-

321 4285 373 4343 λοῦ
404 4278 463 4353 aa,
495 4274 577 4356 οίμοιι
609 4279 688 4353 ὑμᾶς
719 4279 751 4341 ἐκ
782 4278 890 4342 τούτοιν
919 4280 1026 4358 σχεδόν
1053 4307 1080 4348 τι
1104 4286 1293 4361 γιγνώσκειν·
1318 4285 1361 4354 ίτι
1384 4288 1413 4352 δὲ

320 4388 375 4454 οὐδ’
406 4386 509 4463 οὗτος,
541 4385 571 4460 ὃς
602 4385 697 4468 ἄριστ’
725 4383 782 4451 οἶδε
812 4389 853 4452 τοὶ
883 4389 991 4464 κὺτοῦ,
1025 4393 1159 4468 tricare
1183 4395 1264 4472 δίξοοι
1285 4397 1322 4462 ίιν
1346 4399 1411 4476 ὑμῖν
