3126 5210
854 509 914 574 170

339 704 413 768 dum
435 705 536 781 ὁμοίων
558 743 603 755 -
625 714 685 776 τοῖς
708 731 741 773 π.
765 707 809 782 ἠδ.
833 709 854 771 i.
880 729 904 770 e.
919 705 978 773 οἵων
991 709 1069 784 ὑμῶν
1079 708 1316 789 suggesserat
1328 713 1432 776 acatis

338 815 511 891 ἠδικηκότες.
559 815 606 880 Of.
639 815 718 880 Xen.
751 815 824 882 Oce.
859 820 909 881 13.
947 820 985 881 12
1014 817 1069 882 οὐδ’
1101 820 1257 884 ὁπωστιοῦν
1287 827 1344 884 τῶν
1367 819 1434 885 ἴσον

336 923 407 999 ἀξιῶ
439 927 505 998 τοὺς
536 928 670 1005 ἀμείνους
700 935 759 1000 τοῖς
790 929 900 994 saulce:
927 929 1107 1009 τνγχοὶνειν,
1132 930 1164 993 in
1189 929 1302 1013 quibus
1325 930 1432 994 eadem

335 1035 398 1099 fere
428 1036 672 1122 breviloquentia
704 1046 758 1103 est.
806 1039 947 1123 Denique
978 1041 995 1124 d
1024 1041 1064 1103 et
1096 1062 1151 1124 pro
1184 1041 1239 1116 ἐγὼ
1267 1040 1300 1132 ,δὲ
1322 1041 1431 1106 τούτων

337 1146 405 1223 ὑμῖν
427 1148 526 1227 τυχών
549 1169 618 1212 enm
635 1147 819 1212 Marklando
834 1149 901 1233 lege
916 1149 1048 1214 τοιούτων
1064 1150 1142 1227 ὑμῶν
1158 1150 1265 1230 τυχών.
1289 1149 1336 1214 Of.
1353 1153 1371 1236 ξ
1387 1153 1429 1214 23

337 1255 394 1320 sub
418 1256 438 1319 f.
464 1262 496 1320 et
520 1259 571 1321 18.
596 1261 648 1322 23.
673 1297 718 1308 -
740 1261 757 1342 ᾧ
780 1261 821 1323 27
846 1280 902 1343 pro
926 1261 1006 1339 αὐτῷ
1030 1257 1282 1324 substituendum
1305 1261 1397 1341 οοὺτῷ.

379 1365 498 1451 Lepida
529 1373 559 1431 et
589 1369 691 1432 iocosa
722 1370 755 1433 in
778 1368 836 1432 hac
859 1370 996 1433 oratione
1019 1370 1219 1433 inveniuntur
1242 1392 1313 1434 senc
1337 1392 1430 1455 quae·

335 1475 414 1540 dam.
458 1475 562 1556 Quum
587 1479 619 1542 in
643 1500 736 1542 causa
758 1500 820 1542 non
838 1479 1017 1562 gravissima
1033 1485 1190 1542 accusator
1205 1479 1307 1543 fotuns
1323 1480 1428 1565 inepte

334 1586 445 1670 partim
469 1595 648 1672 argumenta
672 1589 843 1666 attulisset,
868 1611 931 1652 non
954 1589 1031 1652 serio
1048 1589 1149 1651 omnia
1165 1589 1322 1673 redarguit
1337 1611 1426 1666 reus,

333 1696 387 1760 sed
411 1695 582 1762 adversario
606 1720 662 1762 suo
685 1697 810 1762 irridere
834 1697 946 1762 studet.
993 1696 1058 1777 Qui
1081 1719 1175 1780 quum
1201 1698 1425 1776 contendisset,

332 1827 418 1872 reum
449 1829 513 1874 non
536 1831 600 1872 esse
623 1831 753 1893 egenum
777 1808 958 1892 (ιὀδύνοιτον),
983 1807 1067 1891 quod
1091 1829 1161 1871 eum
1185 1807 1332 1872 divitibus
1355 1829 1426 1872 eon-

333 1916 530 1982 suetudinem
560 1917 702 1995 heberet,
739 1917 815 1980 alter
846 1916 1008 2001 detorquet
1039 1917 1283 1981 criminationem
1314 1920 1358 1982 sie
1389 1927 1426 1982 ut

332 2027 413 2092 dieat
437 2051 468 2093 se
490 2028 632 2093 ddu'scroa
655 2050 717 2093 non
741 2026 846 2091 haberi
869 2027 941 2110 quie
963 2027 1108 2090 nimirum
1129 2026 1278 2102 ἠδύνατο
1300 2036 1424 2093 οννεῖνοιι

331 2139 535 2216 Βονοιμὲνοις
566 2141 593 2225 (d
622 2141 652 2223 5)
660 2165 669 2216 ;
694 2161 788 2223 quum
814 2137 969 2202 obiectum
992 2144 1071 2201 esset
1094 2158 1174 2220 equo
1198 2137 1328 2202 subinde
1352 2139 1423 2203 vehi

329 2271 430 2326 reum,
461 2249 531 2326 ille,
560 2250 668 2326 miror,
693 2249 812 2333 inquit,
838 2259 1044 2312 accusatorem
1066 2247 1143 2310 mihi
1166 2269 1228 2311 non
1251 2249 1327 2312 vitio
1350 2249 1422 2312 dare

329 2360 413 2445 quod
444 2360 566 2425 duobus
597 2358 714 2424 baculis
744 2359 864 2422 innisus
895 2357 1089 2442 progrediar,
1119 2379 1190 2422 cum
1218 2380 1281 2422 uno
1306 2359 1420 2444 possim

330 2471 357 2556 (d
389 2470 461 2554 lt);
491 2472 583 2548 mihi,
611 2470 731 2556 inquit,
756 2469 965 2533 infirmitatem
988 2467 1106 2532 invidet
1129 2477 1304 2547 accusator,
1330 2468 1421 2532 etde

328 2580 438 2644 claudo
465 2581 542 2666 pede
570 2587 718 2664 tanquam
745 2579 783 2643 de
806 2579 870 2642 filia
893 2578 1096 2642 haereditarie
1118 2579 1252 2658 rixetur,
1276 2578 1330 2642 sed
1354 2597 1426 2642 sua--

328 2690 385 2754 deo
407 2689 472 2769 illi,
498 2698 532 2755 ut
554 2714 592 2755 ne
616 2691 674 2755 sibi
697 2697 815 2754 constet
838 2689 1044 2772 claudumque
1064 2689 1122 2753 sibi
1142 2688 1276 2753 vindicet
1295 2688 1417 2772 pedem,

327 2821 365 2864 ne
397 2799 434 2864 ab
462 2801 616 2866 archontis
639 2821 765 2864 munere
788 2798 930 2864 obeundo
954 2797 1136 2862 excludetur
1159 2800 1187 2881 (ᾧ
1211 2801 1274 2882 14).
1298 2797 1419 2861 Festive

326 2911 400 2974 haec
429 2931 518 2989 sane,
546 2910 599 2976 sed
622 2933 687 2974 rem
710 2931 905 2995 exaggerasse
928 2915 1005 2993 puto
1028 2907 1340 2985 Reuehensteinium,
1366 2909 1419 2990 qui

324 3019 477 3106 specimen
499 3021 655 3085 vernaculi
677 3019 789 3104 leporis
814 3019 948 3082 admixta
972 3019 1122 3102 gravitate
1145 3016 1238 3082 simul
1262 3025 1293 3080 et
1316 3017 1419 3081 native

324 3131 521 3216 simplicitate
545 3135 575 3194 et
597 3129 769 3214 petulantie
792 3133 956 3213 agnoscat,
982 3150 1043 3211 quo
1067 3127 1272 3212 praestantius
1296 3149 1360 3191 non
1379 3128 1419 3190 fc·

325 3241 382 3306 oile
407 3240 476 3324 quis
500 3241 682 3304 inventurus
706 3239 746 3302 sit
770 3239 913 3322 (prooem.
939 3236 977 3300 ad
1002 3237 1080 3300 hanc
1101 3244 1176 3300 oret.
1198 3237 1255 3302 sub
1278 3237 1348 3300 fin:
1364 3259 1418 3315 „es

324 3353 365 3416 ist
388 3351 474 3416 nicht
496 3349 591 3413 leicht
614 3348 682 3412 eine
704 3347 873 3430 Misehung
896 3367 955 3410 von
976 3345 1151 3430 Lustigem,
1176 3345 1327 3422 Derbem‚
1345 3347 1419 3410 Ern-

323 3469 419 3546 stcm,
442 3459 574 3525 Naivem
597 3458 677 3522 auch
700 3458 756 3521 mit
780 3457 878 3521 einem
903 3456 1070 3540 Anspruch
1096 3457 1151 3519 eui
1172 3456 1226 3520 des
1249 3455 1417 3521 Riihrende

322 3598 361 3639 zu
384 3574 483 3638 ciuem
507 3571 573 3635 sich
596 3592 629 3633 so
654 3569 750 3633 schlin
773 3567 1016 3633 bestimmenden
1042 3567 1167 3632 Genuen
1191 3589 1418 3632 zusammencu·

323 3684 460 3749 arbeiten
494 3681 560 3746 und
596 3682 685 3744 einen
717 3701 751 3741 so
784 3675 1066 3762 cigenthiimliohen
1095 3675 1265 3740 Charakter
1295 3678 1353 3741 mit
1384 3699 1416 3740 so

323 3794 493 3860 schlichten
523 3790 647 3856 Mittelu
683 3787 931 3871 daruustellen”).
980 3785 1109 3851 Subtilis
1141 3788 1291 3872 elegantia
1314 3794 1345 3851 et
1369 3810 1416 3850 ur-

324 3905 443 3971 banitas
474 3901 604 3966 orationi
631 3900 722 3985 plane
745 3899 847 3975 deest3
871 3897 931 3961 ioci
955 3902 1059 3960 autem
1081 3896 1183 3960 minus
1206 3896 1297 3980 politi
1321 3897 1416 3962 deleo·

224 4091 226 4095 y
324 4025 389 4080 tere
418 4034 490 4077 sane
521 4018 651 4097 possunt
682 4017 712 4074 et
744 4029 852 4074 causae
883 4005 1042 4090 prodesse,
1076 4007 1101 4069 si
1125 4013 1271 4090 tanquam
1294 4007 1327 4071 in
1350 4009 1415 4091 ipso

324 4124 469 4194 orationis
500 4129 655 4187 momento
678 4121 744 4184 nati
766 4119 939 4202 fingentur,
969 4115 1022 4178 sed
1045 4117 1069 4179 si
1093 4117 1254 4181 manifesto
1279 4117 1416 4182 adhibito

325 4235 446 4312 studio,
467 4241 503 4298 ut
530 4234 562 4297 in
585 4232 643 4295 hac
666 4230 820 4305 cretione,
844 4225 1037 4312 proferentur
1061 4226 1160 4291 verbis
1180 4248 1238 4291 usu
1260 4233 1416 4291 oratorum

324 4348 386 4411 fere
409 4344 555 4430 receptis,
579 4341 735 4404 dissensus
760 4337 887 4423 quidem
904 4336 1025 4400 exsistit
1041 4337 1121 4400 inter
1143 4339 1301 4402 materiam
1325 4347 1414 4423 atque

324 4457 469 4532 formam,
493 4461 530 4518 ut
552 4451 668 4516 nescies
692 4450 810 4513 serione
834 4446 982 4530 quaedam
1007 4469 1045 4510 en
1069 4447 1135 4511 icco
1152 4447 1303 4513 dicantur.
1329 4447 1415 4512 Dica-
