3074 5210
847 465 908 527 112

333 658 406 725 Non
422 659 517 746 igitur
532 680 790 747 supervacaneum
809 663 941 749 emplius
958 663 996 727 de
1011 669 1135 728 auctore
1152 685 1304 748 quaerere.
1336 663 1421 730 Nam

323 753 446 858 reliqui
469 772 650 858 interpretes
677 774 727 838 vix
750 796 859 860 operae
882 775 1016 861 pretium
1038 774 1214 840 habuerunt
1236 773 1421 842 sententiain

333 904 435 960 suam,
461 904 522 966 que
544 881 669 968 Lysiam
693 884 839 950 orationis
863 892 1018 952 auc-torem
1034 892 1148 971 negant
1163 908 1240 964 esse,
1258 867 1420 971 argumen-

331 993 372 1057 tis
396 984 568 1072 adstruere3
586 994 651 1079 ipse
667 994 764 1080 igitur
780 1017 930 1081 apponam
946 1019 1024 1083 quae
1039 1003 1179 1082 suspecta
1197 1019 1260 1061 esse
1276 1005 1419 1083 possunt.

329 1111 330 1116 ’
375 1101 559 1188 Longiorem
589 1104 691 1169 locum
722 1105 888 1170 exscribere
920 1128 1025 1192 cogor,
1049 1113 1086 1171 ut
1108 1106 1146 1171 de
1170 1107 1274 1172 subita
1296 1131 1420 1174 conver·

330 1213 415 1278 sione
446 1221 477 1279 ot
504 1215 636 1279 transitu
666 1215 704 1279 ad
727 1215 891 1281 secundam
920 1240 1080 1303 personam
1102 1240 1160 1282 oon
1177 1224 1231 1282 tet.
1263 1221 1280 1304 p
1305 1221 1334 1284 1.
1359 1220 1419 1298 ἐγὼ

330 1324 399 1405 μίν,
428 1321 449 1389 ὦ
476 1323 574 1407 οίνδρες
605 1326 743 1392 δικασταί
750 1376 759 1410 ,
791 1327 841 1394 καὶ
873 1329 952 1407 ὑμοίς
976 1331 1115 1408 αίτοῡμοα
1138 1327 1179 1396 τίν
1202 1329 1299 1394 δίκαια
1321 1327 1419 1412 ψηφί-

314 1430 456 1513 σασθαι,
480 1436 529 1502 καί
552 1442 608 1502 τῶν
629 1444 801 1519 στρατηγῶν
824 1436 942 1518 δίομαν,
965 1438 1028 1504 irai
1050 1440 1099 1506 καί
1123 1442 1152 1505 ἐν
1174 1449 1211 1521 τῇ
1234 1439 1314 1521 ίίλλμ
1337 1443 1419 1526 οίρχῇ

330 1555 440 1614 πολλοῦ
470 1546 543 1624 θξνον
572 1558 609 1630 τῇ
637 1547 720 1612 τθλεν
744 1549 903 1626 γενίναον,
927 1549 976 1614 καί
1000 1538 1141 1631 περὶτῶν
1164 1559 1217 1626 τῆς
1236 1551 1417 1632 οίστρατείας

329 1664 453 1741 γραφῶν
483 1659 586 1730 κοινοὺς
616 1653 688 1723 εἶναι
715 1660 755 1740 τῷ
778 1684 812 1723 τε
835 1659 960 1725 διώκοντι
982 1660 1032 1725 καί
1056 1663 1096 1742 τῷ
1120 1659 1277 1744 Φεύγοντν,
1301 1662 1352 1727 καί
1376 1662 1419 1740 μίν

328 1770 503 1848 βοηθοῦντας
532 1763 552 1851 ᾧ
582 1767 618 1834 θον
645 1768 853 1858 βούλωνται
876 1775 979 1836 τοίσαν
1001 1771 1160 1852 προθυμίαν
1182 1771 1260 1853 ἔχειν
1283 1771 1368 1854 rapio
1386 1771 1419 1837 τὸ

327 1879 433 1946 δίκαιον
454 1881 533 1958 ὑμᾶς
555 1877 761 1962 ψηφίσασθαί,
781 1881 1000 1960 ἐνθυμουμένους
1020 1881 1062 1947 ίτν
1080 1881 1182 1965 σφόδρ’
1201 1882 1238 1976 θον
1257 1887 1416 1962 ἠγανακ·

328 1999 442 2069 τείτε,
480 1992 505 2056 εί
535 1993 564 2057 ἕν
594 2000 631 2072 τῇ
662 1989 787 2076 ὑμετέρα
815 1991 971 2075 δοκιμασία
997 1993 1020 2058 οἱ
1051 1993 1218 2072 θεσμοθέται
1248 1993 1418 2072 οὶναβοίντες

329 2103 423 2181 ὑμῶν
445 2101 551 2168 ἐδέοντο
575 2101 862 2184 καταψηφίσασθαι,
889 2103 1039 2180 ἡγούμενον
1062 2103 1146 2168 δεννθν
1169 2099 1256 2180 είναν,
1283 2109 1307 2174 εί
1327 2109 1353 2173 οἱ
1375 2131 1418 2172 τι·

286 2263 289 2270 .
328 2211 421 2286 θίντες
451 2214 500 2278 τὸν
525 2213 629 2290 οίνῶνα
652 2211 703 2276 καί
726 2214 779 2288 τὴν
795 2218 903 2294 ψῆφον
926 2213 1047 2286 δνδθντες
1070 2217 1340 2297 παρακελεύσονται
1363 2223 1418 2285 τῶν

327 2325 381 2404 μὲν
403 2324 445 2402 μὴ
471 2322 747 2408 [καταψηφίζεσθαι
770 2324 891 2408 τῶνδὲ]
916 2324 1186 2408 καταψηφίζεοθαν.
1225 2328 1321 2394 Initio
1346 2329 1419 2394 allo-

326 2437 433 2522 quitur
455 2433 589 2512 indicina,
615 2431 652 2497 de
676 2432 868 2519 praesidibus
891 2433 999 2500 iudieii
1021 2438 1163 2522 strategis
1187 2437 1334 2514 intertia
1354 2462 1418 2526 per·

326 2570 402 2614 sona
429 2545 468 2610 ad
492 2568 543 2612 eos
566 2531 658 2609 rerba
681 2544 795 2609 faciens
819 2544 992 2632 (γεγόνασι,
1015 2547 1211 2635 βούλονται),
1235 2559 1302 2617 tum
1327 2551 1418 2622 verba

325 2657 543 2738 ἐνθυμουμένους
565 2653 608 2722 ίτν
632 2657 788 2742 proferens
812 2657 915 2722 subito
940 2681 971 2724 so
994 2659 1035 2723 ad
1059 2659 1141 2746 ipsos
1166 2665 1317 2728 convertit
1343 2670 1417 2728 stra-

326 2772 413 2856 tegos
443 2770 682 2855 (θνανακτεῖτε);
716 2767 820 2853 potius
853 2775 1007 2854 exspectes
1038 2771 1237 2851 ἠγανάκτουν,
1270 2775 1293 2839 εί
1325 2776 1354 2840 ἐν
1380 2781 1416 2856 τῇ

328 2880 458 2964 σφετέρα
480 2878 643 2962 δοκιμασία.
690 2878 786 2943 Porro
813 2878 846 2943 in
874 2879 973 2944 verbis
997 2881 1075 2960 ὑμῶν
1098 2882 1344 2968 ἕδίοντοααταψ.
1368 2907 1416 2971 ge·

328 2992 441 3058 nitivus
464 2989 579 3077 pendet
601 3012 663 3054 non
688 2989 725 3054 ab
747 2989 853 3056 εθίοντο
873 2989 926 3056 sed
942 3000 1109 3079 ararat„
1131 2997 1282 3074 ἡγούμενον
1302 3015 1416 3060 aooom·

325 3102 484 3168 modatum
516 3108 563 3166 est
593 3101 632 3166 ad
664 3105 871 3179 ἠγανακτεῖτε.
918 3101 1077 3169 Sententia
1093 3107 1189 3172 enim
1220 3115 1323 3194 aperte
1347 3105 1415 3170 talis

326 3214 508 3301 requiritur:
539 3212 630 3292 „sitis
662 3213 754 3298 aequi
783 3212 900 3278 iudices
932 3220 963 3278 et
993 3214 1083 3281 facite
1105 3216 1138 3281 id
1161 3217 1245 3302 quod
1267 3223 1415 3283 sinestra

324 3329 483 3410 „spaeram
507 3346 600 3390 οοαοα
624 3329 773 3407 operetur,
796 3323 884 3388 vobis
907 3324 968 3410 ipsi
991 3326 1170 3411 optaretis.''
1217 3326 1414 3395 Constructio

327 3441 374 3502 est
405 3442 435 3500 et
465 3443 604 3500 contorta
635 3441 668 3498 ot
690 3434 777 3499 dura.
824 3433 906 3500 Nam
929 3441 1040 3532 τασαν
1056 3438 1214 3519 προθυμίαν
1237 3439 1317 3522 ἔχειν
1339 3439 1413 3504 mire

325 3545 467 3632 iungitur
490 3567 560 3611 oum
584 3545 754 3624 infinitivo,
780 3545 917 3611 subiecto
941 3545 1060 3612 divorso
1086 3549 1178 3632 (ὑμεῖς
1196 3548 1412 3633 ψηφίσασθαν)ς

326 3679 416 3744 porro
447 3657 525 3735 ὑμῶν
544 3658 592 3722 ita
615 3657 796 3722 collocatum
821 3664 868 3721 est
891 3664 961 3722 ante
985 3657 1107 3734 ἐδέοντο,
1133 3666 1169 3725 ut
1192 3661 1333 3747 quisquis
1356 3658 1414 3746 pri·

327 3790 413 3833 mum
435 3767 537 3832 locum
560 3768 653 3854 legit,
682 3770 758 3846 ὑμῶν
782 3769 820 3834 ab
843 3770 902 3835 hoo
925 3769 1056 3855 pendere
1080 3772 1249 3852 existimet3
1275 3779 1306 3837 et
1329 3767 1412 3851 ἡγοθ·

327 3902 406 3959 μενον
437 3885 599 3963 postquam
630 3901 743 3942 novum
775 3879 948 3944 subiectum
981 3880 1175 3967 (θεσμοθέται)
1198 3883 1411 3969 interpositum

328 3995 375 4054 est
398 4010 486 4073 aegre
509 3989 548 4053 ed
571 3993 769 4068 ἠγανακτεῖτε
791 3990 933 4055 refertur.
968 3989 1057 4057 Nihil
1072 4000 1175 4058 tamen
1192 3995 1255 4079 agit
1270 3991 1411 4058 Reiskius

328 4099 358 4164 ἐν
380 4109 417 4182 τῇ
441 4102 568 4182 ἡμετέρα
589 4099 745 4184 δοκιμασία
767 4099 901 4164 scribens
925 4106 956 4164 et
979 4101 1018 4165 ad
1041 4105 1310 4184 καταψηφίσασθαι
1334 4100 1412 4190 eogi-

328 4209 447 4276 tatione
475 4211 621 4298 supplens
653 4213 733 4289 ἡμῶν
763 4211 894 4292 οίκρίτυν.
940 4210 1054 4276 Melius
1089 4234 1180 4297 quem
1215 4213 1410 4280 Reiskianum

329 4321 425 4400 foret,
449 4321 574 4408 opinor,
597 4321 621 4387 εί
644 4323 674 4387 ἐν
697 4331 734 4404 τῇ
758 4321 883 4406 ὑμετέρα
901 4323 1057 4407 δοκιμασία
1075 4362 1120 4374 -
1136 4327 1215 4403 ἡμῶν
1236 4325 1340 4392 ἐδέοντο
1361 4345 1410 4388 αα·
1479 4344 1481 4348 ’

329 4427 559 4516 σαψνφίοαοθαν
581 4433 634 4518 (ses
658 4432 746 4517 ὑμῶν)
767 4432 816 4511 „si
831 4432 863 4498 in
880 4441 982 4498 vestre
996 4435 1175 4520 probatione
1191 4436 1408 4509 tbesmothetae
