3128 5208
675 445 717 506 49

142 646 247 729 magis
272 651 345 708 sunt
370 643 516 728 culpandi
539 665 630 727 quam
655 642 806 727 peregrini
812 667 821 719 ς
847 664 918 726 ergo
937 643 1049 706 maiore
1073 664 1171 726 poena
1195 641 1239 706 di-

142 779 228 840 gnus
253 764 298 820 est
322 754 496 819 Andocides
520 755 593 818 civis
617 776 710 838 quam
734 753 882 838 Diagoras
907 755 1095 839 peregrinus.
1127 754 1238 838 itaque

144 889 204 952 pro
227 865 388 948 ὀργίζεσθαι
411 863 457 932 οὖν
479 865 693 950 requirebatur
715 867 808 931 καίτοι
832 864 993 946 ίρνίζεσίσιι
1016 891 1044 930 κ.
1068 891 1097 930 τ.
1122 867 1145 931 ἑ.

194 981 303 1062 Aeque
337 977 499 1063 plumbens
533 984 580 1041 est
613 978 645 1042 in
676 977 744 1041 loco
775 976 816 1040 de
844 999 911 1040 sera
940 977 1076 1042 numinis
1107 975 1241 1040 vindicta

143 1090 162 1174 t
187 1092 249 1152 20:
282 1088 389 1170 ἐλπίζω
420 1090 474 1168 μὲν
505 1085 551 1154 οὖν
580 1091 668 1154 αὑτὸν
696 1088 745 1152 καί
774 1087 815 1173 (Ρ)
845 1087 942 1154 διίσειν
964 1088 1054 1163 δίκην,
1083 1088 1242 1165 θοινμάσιον

144 1203 218 1286 (pro
249 1202 430 1284 θαυμαστὸν)
461 1198 485 1263 δ’
514 1199 590 1264 οὐδὲν
622 1197 657 1264 ἀν
688 1223 736 1276 μοι
760 1199 885 1276 γένοιτο,
918 1221 995 1284 quae
1019 1199 1051 1262 in
1074 1199 1152 1262 hanc
1177 1220 1242 1262 sen·

147 1311 280 1374 tentiam
311 1310 484 1397 supplenda
515 1317 621 1374 erunt:
654 1331 742 1395 spero
772 1310 836 1374 fore
859 1319 895 1374 ut
918 1311 1010 1374 etiam
1030 1332 1146 1395 poenas
1169 1309 1241 1387 det,

146 1421 205 1485 sed
236 1422 314 1486 nihil
340 1423 430 1488 mirer
454 1423 480 1486 si
503 1444 565 1486 non
589 1421 694 1486 statim
717 1421 779 1486 det.
826 1421 886 1486 Sed
909 1423 941 1486 in
966 1422 1110 1506 proximis
1135 1443 1242 1486 rursus

122 1535 292 1618 suggerit
322 1543 393 1620 post
424 1534 483 1599 alia
506 1534 576 1613 illa,
609 1534 692 1598 unde
715 1542 859 1619 appareat
882 1533 985 1600 statim
1009 1556 1137 1620 poenam
1161 1555 1244 1596 secu·

148 1653 257 1708 turam
281 1667 363 1710 esse:
393 1646 454 1710 οὐδὲ
477 1645 535 1726 γάρ
558 1647 571 1710 c‘
594 1645 653 1718 ίεδς
676 1655 865 1727 παραχρῆμα
887 1645 1017 1726 κολάζει,
1043 1647 1125 1710 ἀλλ’
1153 1643 1243 1720 αὕτη

149 1755 217 1836 μέν
238 1758 340 1823 ἐστιν
362 1758 556 1838 ἀνθρωπίνη
580 1757 666 1832 δίκη.
714 1756 802 1837 Quae
826 1758 925 1822 aliena
947 1764 1036 1835 sunt;
1061 1779 1131 1821 nam
1155 1757 1244 1820 etiam

150 1868 325 1934 humanum
348 1869 498 1933 iudicium
526 1891 609 1934 nunc
631 1869 772 1934 imminet
799 1869 961 1934 Andocidi.
1008 1869 1078 1933 Scio
1103 1868 1244 1954 equidem

149 1981 227 2045 haec
264 1979 336 2044 addi
368 1981 504 2065 potuisse
530 1988 568 2045 ut
591 2004 644 2066 per
672 1982 897 2068 oppositionem
920 1981 1071 2045 hnmanae
1094 1979 1246 2044 vindictae

147 2092 256 2156 divina
286 2113 384 2177 poena
413 2092 583 2158 evidentius
607 2092 846 2177 significaretor3
871 2092 925 2156 sed
953 2092 1007 2156 tali
1029 2091 1245 2176 oppositione,

151 2203 256 2288 qualis
280 2203 355 2268 haec
378 2211 442 2282 est,
466 2203 554 2267 facile
578 2203 698 2268 aberrat
722 2204 842 2269 animus
866 2203 1041 2268 auditorum
1058 2202 1095 2267 ab
1112 2225 1147 2267 eo
1164 2203 1248 2286 quod

153 2316 314 2400 agitaret
344 2337 448 2378 rursus
480 2315 517 2380 ab
550 2314 684 2378 humana
714 2337 812 2400 poena
840 2337 894 2400 per
915 2322 1105 2378 momentum
1129 2321 1248 2378 ostenta

152 2426 257 2491 redire
280 2425 402 2509 cogitur
425 2424 464 2488 ad
487 2425 638 2503 divinam
661 2447 731 2489 nam
748 2425 907 2510 sequentia
922 2447 983 2489 non
1000 2425 1163 2488 cohaerent
1178 2445 1247 2487 eum
1265 2479 1267 2484 .

153 2536 316 2615 ἀνθρωπίνη
339 2536 400 2611 δίκη
424 2536 478 2599 sed
501 2557 572 2600 cum
594 2535 655 2600 οὐδὲ
674 2538 733 2616 aaa
757 2535 853 2607 ὁίείς.
889 2535 988 2600 Simili
1011 2536 1084 2600 vitio
1108 2537 1249 2601 laborant

155 2648 251 2712 verba
280 2649 297 2732 ᾧ
330 2649 387 2710 1οε
420 2647 476 2712 οὐδ’
507 2646 593 2712 αὐτὸν
622 2648 671 2712 τὸν
701 2648 785 2712 θέντα
810 2647 912 2712 ίσασιν.
959 2647 1018 2711 Sed
1042 2648 1116 2711 haec
1140 2670 1246 2732 parum

155 2759 287 2824 curabat
309 2758 426 2836 rhetor,
451 2758 506 2842 qui
528 2758 617 2822 unice
632 2780 716 2821 nunc
732 2743 922 2822 occasionem
938 2765 1041 2843 captat
1056 2758 1247 2823 describendi

157 2893 291 2957 poenas,
316 2892 395 2954 qnae
418 2870 555 2954 quamvis
579 2869 690 2934 dilatae
714 2871 820 2933 noxios
844 2879 996 2934 maneant.
1031 2870 1128 2934 Totus
1148 2878 1250 2933 autem

157 2984 212 3047 hic
234 2983 321 3047 locus
345 2981 383 3046 de
407 2981 511 3045 divina
533 2981 668 3046 vindicta
691 2982 832 3046 convenit
857 2981 1246 3067 cumAndocidea§137:

157 3093 376 3173 Καπηνίρησοον
407 3091 436 3156 δέ
467 3116 523 3170 μου
556 3094 605 3157 καί
642 3093 703 3174 περί
735 3098 790 3157 τῶν
822 3098 992 3173 ναυκληριῶν
1022 3094 1071 3158 καί
1103 3093 1165 3174 περί
1196 3103 1248 3168 τῆς

158 3205 319 3284 ἐμπορίας,
343 3204 379 3294 ἀς
403 3201 460 3280 ἀρα
484 3203 507 3266 οἱ
531 3203 586 3267 ίεοί
608 3227 647 3278 με
670 3203 702 3266 ἐκ
721 3205 776 3267 τ’ῖον
792 3204 922 3269 κινδύνων
937 3203 1075 3280 σιίσαιεν,
1100 3202 1146 3269 ἵνα
1162 3205 1247 3270 ἐλθὼν

158 3317 256 3396 δεῦρο,
279 3318 316 3388 ὡς
340 3315 442 3393 ἔοικεν,
469 3314 523 3378 ὑπὸ
550 3315 691 3397 Κηφισίου
714 3317 895 3394 ἀπολοίμην,
920 3315 1087 3399 quodiam
1111 3316 1163 3380 alii
1188 3317 1250 3380 ani-

159 3425 410 3502 madverterunt,
430 3425 483 3488 sed
507 3425 598 3489 etiam
622 3448 691 3490 cum
714 3425 856 3511 Lycurgo
881 3427 948 3492 adv.
972 3427 1078 3492 Leocr.
1105 3430 1164 3490 91:
1189 3426 1251 3492 ε’πεί

160 3537 198 3602 τό
224 3561 262 3615 νε
294 3536 397 3621 (vulgo
427 3561 465 3614 γε
497 3537 543 3620 τὸ)
575 3539 726 3602 κατελθεῖν
757 3544 875 3616 τοῦτον,
903 3536 983 3614 οἶμαι
1006 3537 1064 3603 dach
1087 3538 1140 3603 rn’
1164 3537 1252 3604 αὐτὸν

162 3647 212 3713 ἐπ’
235 3649 327 3723 αὐτην
348 3648 479 3725 ἀγαγεῖν
501 3649 553 3722 την
576 3649 728 3731 τιμωρίαν,
753 3645 787 3712 ἵν’
810 3649 909 3723 ἐπειδη
931 3650 980 3714 τὸν
1001 3652 1109 3714 εὐκλεά
1132 3649 1252 3714 κίνδυνον

162 3759 280 3841 ἔφυγε,
305 3765 355 3824 τοῦ
379 3760 500 3831 ἀκλέους
523 3759 572 3824 καὶ
597 3758 699 3836 ἀδόξου
714 3759 837 3825 ίοινάτου
853 3760 949 3841 τύχοι.
974 3758 1145 3844 Pa.·Lysias
1160 3761 1178 3844 t
1195 3762 1250 3823 19:

163 3873 177 3936 ὁ
206 3872 235 3936 δὲ
261 3871 321 3944 θεὸς
351 3871 463 3948 ὑπῆγεν
494 3871 595 3955 αὐτόν,
627 3868 674 3936 ἵνα
703 3871 879 3954 ἀφικόμενος
909 3873 948 3943 είς
975 3872 1016 3936 rat
1044 3872 1252 3950 ἀμαρτιίμοιτοι

164 3984 214 4048 ἐπί
238 3993 275 4066 τῇ
307 3987 364 4066 ἐμῇ
397 3982 540 4066 προφάσει
575 3983 611 4064 δῷ
646 3983 750 4067 (vulgo
785 3982 851 4067 δῴη)
886 3983 973 4058 δίκην.
1020 3983 1089 4050 Ἐπί
1125 3992 1162 4065 τῇ
1195 3985 1251 4061 ἐμῆ

165 4096 257 4179 φάσει
282 4102 369 4159 acute
400 4094 550 4158 Sluiterus
582 4095 725 4172 coniecit,
758 4094 810 4158 sad
846 4094 930 4159 haud
964 4095 1025 4158 scio
1061 4117 1099 4158 an
1133 4094 1182 4160 ἐπί
1216 4106 1252 4176 τῇ

167 4209 224 4289 ἐμῇ
244 4205 405 4288 προφάσει,
425 4210 644 4290 opportunitate
668 4228 686 4270 ο
709 4229 754 4270 me
776 4209 849 4270 doto
872 4206 969 4270 nihilo
993 4207 1079 4291 peius
1100 4207 1141 4270 sit
1160 4228 1253 4289 quam

168 4318 323 4398 ἀφικέσθαι
362 4317 401 4389 είς
438 4317 479 4382 τά
517 4304 726 4397 ἀμοιρτήμοιτοι
763 4340 818 4404 pro
857 4319 903 4382 ἐπί
942 4320 994 4392 την
1027 4319 1165 4398 τιμωρίαν
1198 4324 1253 4383 τῶν

170 4426 224 4505 ἀμ.
248 4429 295 4492 vel
318 4426 365 4493 ἐπὶ
387 4429 453 4500 τοὺς
483 4427 663 4506 ἠδικημένους
696 4429 746 4512 (cf.
779 4430 850 4514 27),
882 4429 949 4492 iure
980 4429 1088 4492 merito
1119 4451 1137 4491 a
1167 4428 1253 4492 nullo

1115 4545 1136 4600 4
