3074 5210
812 467 872 528 raa
910 423 912 429 Α

299 669 433 754 captiosa
454 691 621 753 proponere
637 677 829 752 argumenta,
848 668 960 752 quibus
976 668 1043 732 laus
1060 667 1163 730 callidi
1181 667 1310 730 oratoris
1330 689 1398 730 non

298 780 486 844 subvertitur
494 805 502 856 3
528 779 614 863 peius
638 785 700 854 est,
726 779 752 841 si
775 785 956 863 argumenta
979 801 1040 841 non
1065 786 1128 842 tam
1152 778 1229 842 nihil
1255 778 1398 862 probant

300 889 518 976 prudentibus,
545 911 636 974 quarn
656 889 791 972 intellegi
813 912 873 952 non
895 899 1024 972 possunt
1041 889 1078 953 ab
1095 889 1148 966 iis,
1167 889 1277 974 quibus
1294 888 1398 952 desti·

298 1010 370 1065 nata
397 1005 485 1077 sunt,
510 1023 565 1063 nec
590 1009 715 1083 apparet
739 1022 816 1082 quae
841 999 906 1062 laus
932 999 972 1062 sit
996 999 1154 1062 tenuitatis
1178 999 1344 1088 Lysiacae,
1371 999 1399 1062 si

300 1113 500 1198 perspicuitas
525 1112 612 1174 absit.

345 1225 384 1289 In
407 1223 525 1308 reliqua
549 1223 677 1286 oratoris
702 1223 958 1287 demonstratione
982 1246 1044 1287 non
1068 1223 1172 1286 statim
1200 1221 1318 1307 ubique
1346 1245 1400 1284 ne-

300 1359 356 1400 xus
380 1343 513 1420 apparet.
563 1334 611 1397 lta
634 1337 650 1419 p
677 1337 714 1396 lt
739 1333 842 1398 subito
865 1335 1000 1397 narratio
1024 1335 1212 1410 instituitur,
1236 1333 1400 1418 quomodo

301 1447 430 1510 affinitas
448 1445 675 1530 Nicophemum
692 1447 771 1509 inter
788 1453 818 1508 et
834 1453 951 1530 patrem
968 1446 1097 1509 oratoris
1112 1445 1190 1508 inita
1207 1451 1302 1508 esset:
1323 1450 1402 1524 πρῶ-

300 1583 347 1622 τον
378 1559 430 1634 μὲν
463 1553 526 1637 οὖν,
558 1551 578 1636 ᾧ
608 1555 702 1636 τρόπῳ
733 1557 867 1630 κηδεσταὶ
901 1560 969 1635 ἡμῖν
1000 1557 1145 1640 ἐγένοντο,
1175 1555 1277 1631 διδάξω
1303 1558 1400 1632 ὑμᾶς.

302 1667 370 1732 Hoc
401 1667 500 1752 primo
532 1667 570 1729 ad
601 1689 722 1730 causam
755 1667 899 1730 interesse
927 1688 1034 1751 parum
1059 1668 1188 1732 videtur.
1235 1667 1295 1730 Sed,
1321 1666 1399 1730 dum

303 1780 440 1863 pergitur
470 1778 639 1855 narrando,
673 1787 798 1862 apparet
829 1777 1005 1844 affinitatem
1037 1801 1106 1843 cum
1138 1777 1335 1863 Nicophemo
1370 1786 1401 1840 et

303 1885 508 1973 Aristophane
532 1911 595 1953 non
618 1889 789 1973 quaesitam
813 1911 877 1951 esse
902 1897 1025 1974 propter
1041 1890 1173 1954 divitias.
1215 1892 1321 1975 Atque
1339 1891 1401 1954 hoc

303 2008 367 2064 erat
382 1999 461 2063 illud
478 1999 559 2084 quod
577 2000 817 2064 animadvertere
833 2001 1028 2085 potissimum
1044 2024 1152 2086 operae
1169 2003 1302 2086 pretinm
1322 2007 1399 2065 erat.

303 2111 451 2175 Similiter
481 2113 615 2176 sectione
647 2115 686 2174 18
710 2135 772 2176 non
797 2112 918 2176 disertis
944 2114 1041 2177 verbis
1066 2113 1179 2176 dicitur
1202 2136 1264 2178 non
1287 2113 1401 2198 proba-

304 2222 365 2287 bile
400 2246 464 2287 esse
500 2224 667 2308 quidquam
703 2224 941 2309 Aristophanem
977 2225 1055 2308 patri
1091 2226 1219 2288 oratoris
1256 2225 1399 2302 dedisse,

305 2343 425 2399 tantum
457 2357 518 2399 non
549 2357 690 2418 magnam
722 2335 976 2399 cousuetudinem
1007 2336 1086 2399 inter
1115 2346 1279 2420 utrumque
1302 2339 1401 2401 inter·

304 2447 445 2524 cessisse,
470 2446 551 2510 uude
576 2446 650 2532 quid
675 2455 881 2531 consequatur
904 2447 1112 2532 colligendum
1136 2449 1332 2513 auditoribus
1355 2470 1395 2512 re·

303 2559 426 2655 linquit.
456 2558 596 2621 Sectione
619 2561 679 2621 44:
704 2559 753 2623 cal
777 2563 807 2623 οὐ
830 2574 965 2656 πρνςλογ.
990 2585 1017 2626 κ.
1034 2585 1062 2624 τ.
1080 2561 1100 2623 ἑ.
1118 2560 1175 2624 hoe
1190 2560 1257 2624 vult
1273 2569 1398 2623 orator:

305 2672 331 2735 si
362 2670 453 2750 simul
485 2670 655 2753 computari
688 2678 828 2752 possent,
873 2692 950 2752 quae
986 2671 1044 2734 sihi
1075 2669 1168 2755 prri
1199 2670 1400 2734 reservaverit

305 2781 533 2866 Nicophernus,
559 2781 651 2844 etiam
674 2781 775 2845 minus
799 2781 962 2845 discrimen
986 2791 1143 2866 appareret
1165 2782 1245 2844 inter
1261 2779 1399 2844 Cononis

305 2900 335 2956 et
359 2891 575 2977 Aristophanis
599 2892 688 2956 bona.
722 2891 780 2956 Sed
805 2892 911 2970 verba,
937 2901 972 2956 ut
995 2915 1077 2956 nuno
1100 2893 1261 2976 leguntur,
1288 2892 1327 2955 ad
1351 2890 1401 2955 de·

304 3003 539 3068 monstrandum
568 3003 731 3068 admodum
768 3004 911 3087 ambigua
939 3012 1020 3067 sunt.
1067 3003 1172 3087 l'riget
1198 3004 1291 3067 etiam
1313 3005 1332 3088 q
1357 3004 1397 3065 52

306 3113 341 3181 eo
364 3115 558 3201 potissimum
583 3116 651 3178 loco
674 3115 809 3199 positum
833 3115 945 3181 tanea

350 3227 491 3311 Denique
514 3225 681 3290 tenendum
706 3236 799 3310 puto,
825 3226 851 3289 si
874 3227 935 3290 vim
952 3248 1038 3289 suam
1056 3226 1183 3290 sectioni
1201 3229 1242 3288 28
1260 3233 1399 3289 constare

306 3339 451 3415 velimus,
476 3357 598 3402 neeesse
622 3361 686 3401 esse
711 3339 869 3401 credamus
894 3337 985 3422 paulo
1010 3351 1078 3421 post
1096 3336 1263 3401 discessum
1281 3337 1400 3401 Aristo·

307 3449 439 3532 phanem
470 3448 649 3513 damnatum
682 3472 756 3513 esse.
804 3449 944 3514 Sectione
978 3451 1107 3512 ra-aa
1140 3448 1399 3512 demonstraverat

310 3560 547 3643 Aristophanem
579 3561 618 3624 ad
653 3561 796 3646 Cypriam
833 3561 1057 3646 expeditionem
1094 3560 1232 3643 undique
1256 3558 1399 3622 sumsisse

306 3672 467 3756 pecuniam
491 3680 641 3735 mutuam.
681 3672 749 3735 Hoc
766 3681 925 3756 postquam
944 3671 1121 3735 testimonio
1137 3671 1268 3734 firmavit
1283 3667 1397 3753 pergit:

304 3780 347 3847 dri
375 3785 428 3858 μὲν
456 3783 546 3847 τοίνυν
577 3787 616 3876 οὐι
634 3784 836 3848 κατέλιπεν
859 3783 1071 3862 Ἀριστοφάνης
1094 3780 1225 3861 ἀργύριον
1249 3781 1310 3845 οὐδὲ
1329 3803 1397 3860 χρυ-

303 3895 379 3976 σίον,
412 3895 500 3977 ῥᾴδιον
532 3899 636 3970 γνῶναι
669 3897 705 3958 ἐκ
736 3900 801 3958 τῶν
830 3895 1019 3972 εἰρημένων
1042 3893 1101 3957 καὶ
1126 3888 1399 3972 μεμαρτυρημέ-

303 4029 373 4071 νων.
414 4005 476 4068 Ubi
510 4027 680 4069 sermonem
712 4029 776 4069 esse
805 4006 842 4069 de
873 4006 910 4068 iis
942 4026 1019 4089 quae
1050 4004 1182 4067 moriens
1206 4003 1396 4088 reliquisset,

307 4127 433 4201 apparet
456 4139 492 4180 ex
517 4117 727 4200 sequentibus.
774 4117 848 4180 Tam
874 4116 1020 4201 exiguum
1042 4115 1188 4199 temporis
1205 4113 1397 4178 intervallum

309 4228 407 4312 igitur
429 4229 640 4293 intercesserat
664 4238 699 4292 ut
722 4231 754 4293 in
779 4252 902 4293 censum
927 4229 1044 4291 veniret
1065 4226 1144 4290 nihil
1166 4247 1287 4316 necesse
1304 4230 1397 4298 esset,

310 4337 394 4422 quod
417 4340 509 4402 etiam
532 4347 612 4403 recte
636 4341 778 4403 convenit
804 4363 873 4403 cum
896 4343 912 4424 q
935 4343 987 4402 43.
1031 4340 1132 4422 Atque
1155 4338 1228 4402 hinc
1252 4333 1397 4418 intellegi·

312 4457 378 4521 tur,
394 4472 430 4514 ex
457 4451 576 4516 duabus
601 4452 845 4537 expeditionibus
868 4451 900 4514 in
924 4449 1059 4535 Cyprum
1083 4449 1249 4534 susceptis,
1274 4448 1312 4512 de
1336 4446 1398 4531 qui·
