3074 5210
664 465 725 528 185

138 663 259 728 venisse
297 664 415 730 talentis
447 664 614 730 admodum
637 663 794 749 probabile
817 663 867 746 (el.
895 666 945 727 18.
972 665 1037 744 20).
1086 662 1235 726 Provocat

135 783 240 838 orator
266 775 310 839 ad
332 776 501 854 hominem,
526 776 580 860 qui
600 776 701 840 lavore
722 773 830 860 populi
850 795 913 838 non
930 773 1098 850 exciderat,
1117 781 1152 836 ut
1168 772 1233 838 eius

135 884 283 970 exemplo
317 886 439 965 doceat,
470 886 546 971 quid
578 887 713 970 aequitas
735 884 881 971 postulet.
929 883 1013 948 Haeo
1036 883 1132 970 igitur
1154 889 1234 948 reete

133 1018 164 1058 se
189 995 323 1060 habent.
370 997 522 1082 Deinceps
557 1018 627 1060 vero
663 995 774 1060 aooidit
807 995 938 1072 oratori,
974 1003 1008 1058 ut
1039 995 1113 1060 dum
1144 1001 1234 1060 almis

133 1107 244 1190 oupiat
270 1130 394 1173 eausam
417 1108 563 1194 probare,
587 1113 686 1172 mrbus
710 1107 827 1192 probet.
868 1106 999 1192 Utrique
1023 1105 1086 1170 filio
1111 1129 1128 1170 a
1149 1113 1234 1192 patre

132 1217 205 1280 vivo
232 1240 302 1282 non
330 1219 457 1284 eandem
489 1219 607 1304 argenti
639 1241 788 1282 summam
821 1217 949 1282 tortasse
985 1217 1087 1281 datam
1122 1217 1232 1295 luisse,

132 1352 226 1394 nemo
251 1330 343 1394 facile
366 1330 543 1395 auditorum
566 1335 630 1394 erat
653 1337 863 1414 reputaturus.
900 1327 1001 1414 Igitur
1024 1327 1098 1392 dum
1121 1339 1233 1414 orator,

132 1447 162 1503 at
180 1440 319 1506 infirmis
337 1441 461 1525 quidem
485 1440 691 1525 argumentis,
717 1439 775 1502 hoe
798 1460 860 1503 non
885 1439 1000 1504 laetum
1024 1461 1088 1502 esse
1112 1439 1235 1506 demon·

131 1557 230 1615 strare
258 1552 416 1630 instituit,
441 1551 666 1616 dubitationem
690 1559 791 1615 movet
815 1550 898 1636 apud
922 1550 1087 1615 auditores.
1136 1551 1235 1617 Num·

134 1685 250 1747 quam,
286 1665 388 1751 inquit
418 1667 435 1750 p
465 1666 524 1742 36,
557 1663 705 1729 dissensio
736 1662 799 1728 ulla
823 1663 882 1728 luit
904 1664 985 1728 inter
1007 1661 1233 1748 Nicophemum

132 1785 162 1838 et
195 1775 379 1854 Cononem3
411 1775 516 1858 itaque
546 1773 584 1839 de
612 1774 742 1860 pecunia
764 1797 886 1860 quoque
909 1774 991 1838 idem
1015 1774 1143 1838 sensisse
1167 1797 1234 1858 pro-

58 1932 59 1938 .
134 1886 259 1966 babile,
286 1897 317 1953 et
339 1888 410 1952 filiis
434 1909 504 1952 eum
528 1887 600 1950 hino
623 1886 887 1970 proficiscerentur
904 1885 983 1950 nihil
999 1885 1158 1970 reliquisse
1174 1887 1234 1951 nisi

133 1998 219 2080 quod
245 2000 323 2064 satis
347 2006 426 2063 esset
446 1997 528 2062 uude
544 1997 688 2060 viverent.
712 1995 817 2076 ·Quae
834 1997 1057 2080 argumentatio
1074 1996 1237 2081 subinepta

14 2139 18 2156 ι
134 2109 273 2175 videtur.
321 2109 484 2191 Quomodo
516 2109 597 2173 enim
626 2131 662 2172 ex
693 2108 900 2172 familiaritate
931 2129 1007 2191 quae
1031 2108 1110 2172 inter
1133 2115 1234 2194 patres

141 2222 302 2304 quosdam
326 2221 459 2298 exsistit,
484 2220 522 2285 ad
542 2219 738 2284 consiliorum
757 2219 894 2283 omnium
915 2227 945 2282 et
963 2219 1112 2306 laetorum
1135 2221 1240 2285 simili-

136 2332 286 2398 tudinem
309 2331 477 2420 quidquam
502 2330 607 2416 colligi
629 2329 749 2416 potest-P
795 2329 934 2395 Sectione
959 2332 1000 2393 38
1024 2330 1103 2395 redit
1126 2331 1164 2395 ad
1192 2355 1237 2397 ar-

136 2445 409 2526 gumentationem
436 2442 528 2508 modo
552 2442 727 2527 abruptam,
752 2441 806 2505 sed
828 2464 911 2506 nune
935 2441 1160 2526 computatione
1185 2443 1235 2507 bo-

135 2575 250 2618 norum
276 2553 414 2619 Cononis
438 2555 511 2618 haee
534 2555 647 2618 mirum
669 2554 702 2618 in
720 2553 848 2619 modum
862 2555 1038 2639 impeditur.
1073 2554 1156 2632 „Sed
1171 2579 1234 2620 uon

138 2667 323 2750 „probabile
347 2675 409 2745 est,
434 2667 537 2752 inquit
558 2668 575 2751 p
598 2663 661 2744 39,
682 2688 735 2729 vos
758 2666 796 2731 de
812 2665 965 2730 Timothei
980 2666 1132 2751 probitate
1147 2667 1236 2732 dubi·

137 2785 284 2852 „taturos
314 2777 439 2842 fuisse.”
486 2777 607 2858 Quidni
638 2776 730 2841 vero?
775 2776 882 2858 „Quia
912 2781 1053 2844 solebatis
1077 2777 1233 2844 Cononem

139 2889 286 2963 „minora
308 2889 498 2972 reliquisse.”
545 2888 604 2952 Sed
634 2888 692 2952 hoe
714 2887 794 2953 nihil
817 2888 855 2952 ad
879 2897 1069 2974 praesentem
1092 2912 1232 2968 oausam3

140 2997 177 3064 de
208 2999 406 3085 Nicophemo
437 2999 515 3064 nihil
544 3007 653 3063 notum
685 3007 762 3076 erat3
787 3000 848 3063 imo
872 3000 1051 3084 infringitur
1073 3008 1103 3064 et
1127 3001 1233 3066 debili·

138 3117 225 3176 tatur
257 3113 395 3198 superior
426 3112 660 3196 argumentatio.
702 3110 734 3174 Si
757 3110 918 3186 Timotheo
940 3111 1032 3175 fidem
1056 3112 1234 3178 habuissent

140 3220 261 3288 iudices
285 3229 422 3306 quoniam
446 3225 599 3287 constabat
620 3224 693 3305 quial
708 3228 801 3307 pater
823 3225 1009 3305 reliquisset,
1034 3223 1154 3288 eosdem
1170 3247 1233 3288 non

140 3329 308 3398 dedecebat
331 3333 368 3397 de
392 3332 609 3417 Aristophanis
634 3323 722 3396 bonis
745 3331 903 3410 dubitare,
928 3332 966 3396 de
987 3333 1074 3397 euius
1091 3334 1234 3418 patrimo·

140 3443 192 3506 uio
215 3444 297 3510 nihil
319 3452 430 3510 notum
454 3452 543 3508 esset.

185 3556 344 3622 Nimirum
367 3555 541 3640 exemplum
564 3577 582 3618 a
605 3553 730 3620 Conone
754 3561 785 3618 et
807 3554 969 3620 Timotheo
994 3562 1130 3620 sumtum
1151 3577 1233 3619 nune

143 3666 203 3731 alio
232 3669 438 3746 convertitur,
468 3675 504 3731 ut
532 3666 726 3745 ostendatur,
756 3667 781 3730 si
804 3666 912 3732 Conon
935 3669 1053 3733 minora
1076 3667 1233 3751 reliquerit

143 3798 235 3861 quam
260 3779 463 3865 exspectarint
479 3777 616 3841 homines
624 3827 633 3856 ‚
650 3777 732 3842 idem
747 3800 834 3863 posse
850 3779 984 3845 accidere
1000 3779 1033 3843 in
1048 3777 1233 3863 Nicophemi

144 3888 248 3970 bonis;
273 3899 339 3955 tum
362 3891 428 3975 ipsa
451 3912 569 3953 summa
592 3890 742 3953 bonorum
765 3888 900 3954 Cononis
924 3913 995 3954 oum
1018 3889 1232 3974 Aristophanis

146 4011 334 4088 comparata,
366 4011 511 4088 appareat
538 4002 659 4066 tertiam
691 4001 825 4066 Cononis
854 4003 1002 4068 honorum
1027 4010 1142 4088 partem
1166 4001 1233 4064 Ari·

148 4113 327 4208 stophanem
356 4111 524 4198 possedisse
530 4138 540 4189 ;
565 4121 749 4197 quapropter
769 4113 884 4178 iudices
912 4093 984 4178 non¹
1003 4115 1122 4178 eredere
1146 4112 1234 4177 debe·

148 4233 213 4304 ant,
238 4247 269 4290 se
293 4224 462 4310 quidquam
485 4223 597 4287 relatos
622 4246 696 4287 esse.
744 4225 828 4289 Haeo
851 4226 927 4290 bene
953 4249 1023 4290 sane
1047 4248 1078 4289 se
1102 4224 1232 4302 habent,

150 4336 259 4401 sedita
276 4359 353 4402 nexa
372 4343 445 4400 sunt
458 4334 665 4419 superioribus
684 4343 713 4398 et
730 4338 892 4420 permixta,
914 4346 949 4400 ut
967 4337 1052 4402 loeus
1073 4336 1233 4422 perplexus

151 4447 188 4514 sit
207 4457 237 4513 et
255 4448 405 4514 turbatus.
442 4445 533 4528 Quod
553 4445 660 4512 vitium
679 4447 778 4512 multo
795 4450 871 4515 mihi
889 4449 988 4514 maius
1004 4450 1125 4514 videtur
1143 4471 1233 4534 quam
