3128 5208
125 733 253 813 petitote,
280 730 362 814 quod
388 729 478 814 plene
502 728 633 793 alienum
659 736 713 790 est.
760 722 831 788 Non
856 724 957 788 miuus
974 719 1150 804 ambiguum
1167 725 1216 782 est

28 851 30 922 ζ
128 839 300 923 δννοὶμενος,
336 839 419 924 quod
450 837 586 925 suppleri
618 859 679 901 non
715 841 816 921 potest
847 852 900 920 per
930 837 1124 912 παρανομεῖν,
1157 830 1216 893 nisi

28 975 29 984 ¹
128 949 198 1013 velis
221 950 328 1037 ipsum
351 958 505 1015 auctorem
529 949 587 1013 sibi
610 947 736 1033 obloqui
761 945 813 1028 (cl.
837 947 873 1016 ὡς
897 945 936 1024 τῷ
960 941 1126 1021 βουλομένῳ
1149 940 1216 1004 τότε

28 1139 29 1142 ¹
127 1059 184 1137 ἐξὸν
208 1063 349 1148 aarum
373 1062 478 1148 itaque
501 1061 618 1125 dictum
642 1059 699 1123 crit
719 1057 858 1122 absolute
880 1075 936 1140 pro
952 1053 1035 1132 μένον
1052 1053 1215 1130 δυνάμενος.

28 1175 29 1204 ³
126 1169 206 1250 Quid
231 1196 271 1238 ex
287 1174 335 1238 his
351 1173 552 1255 ἀμφιβολίαις
569 1171 686 1236 auctori
703 1170 743 1233 sit
762 1165 997 1253 imputandum,
1015 1184 1077 1228 non
1094 1162 1216 1227 definio.

125 1279 180 1346 Sed
203 1283 287 1348 illud
310 1284 426 1370 duplex
449 1286 485 1356 ὡς
508 1283 615 1368 utique
639 1280 715 1345 milri
731 1278 769 1343 de
785 1279 859 1342 vitio
875 1283 1070 1362 suspectum3
1088 1274 1218 1338 mallem

125 1395 159 1466 ὡς
182 1396 253 1460 τότε
278 1397 450 1474 δυνάμενος,
476 1396 493 1472 ἢ
516 1395 565 1460 sat
589 1401 636 1460 νῦν
661 1395 727 1473 ὑμῖν
751 1389 975 1470 δονοβεβλμένος.

166 1506 183 1589 b
207 1509 263 1572 23.
310 1507 339 1572 ἐν
362 1503 383 1590 ᾧ
405 1507 510 1587 δένδρον
533 1507 586 1584 μὲν
609 1503 671 1571 οὐδὲ
693 1501 721 1569 ἕν
745 1505 826 1585 ἐστι,
851 1505 922 1577 μνῖος
946 1500 970 1563 δ’
994 1499 1087 1570 latice
1110 1495 1214 1573 σηκός,

125 1617 159 1686 ὡς
174 1613 261 1691 οὗτος
279 1627 369 1699 φησιν
386 1615 487 1684 οἶνον.
517 1619 709 1682 Postremum
727 1613 909 1679 vocabulum
929 1610 1110 1677 eiiciendum
1129 1616 1214 1693 puto.

165 1728 183 1811 b
206 1730 262 1794 37.
310 1729 468 1808 ἡγούμενος
491 1732 558 1806 μετ’
585 1731 655 1803 ἐμοῦ
682 1723 753 1792 οἶνον
779 1728 852 1810 (nou
876 1723 1052 1800 terendum3
1078 1720 1215 1785 Cobetus

126 1836 190 1915 πρὸς
210 1841 263 1918 ἐμ.
285 1842 322 1925 ε.)
345 1841 395 1904 κοοὶ
419 1842 451 1905 ἐκ
474 1837 612 1917 darciaco
635 1838 684 1902 κοοὶ
709 1839 741 1902 ἐκ
761 1835 910 1916 μαρτύρων
930 1834 979 1899 eal
996 1835 1028 1898 ἐκ
1043 1831 1215 1910 τεκμηρίων.

28 1983 30 2000 ›
127 1943 267 2014 Fortasse
292 1972 348 2036 pro
371 1950 522 2032 μορτύρονν
537 1947 762 2014 restituendum
778 1951 955 2026 μοορτνρνῶν,
973 1953 1008 2008 ut
1024 1965 1116 2030 supra
1130 1944 1146 2029 q
1162 1943 1215 2005 el.

221 2191 292 2238 vlll.
324 2201 481 2242 xnrurorru
504 2201 575 2241 uror
598 2201 670 2240 rom:
691 2193 904 2240 ermemmarus
926 2194 1118 2238 uenenorum.

169 2375 282 2442 Oratio
306 2386 413 2442 octaua
442 2378 548 2443 habita
577 2388 625 2443 est
656 2386 710 2442 aut
737 2379 843 2443 habite
866 2378 993 2462 lingitur
1016 2377 1048 2440 in
1072 2371 1217 2439 sodalitio

127 2487 271 2566 quodam.
319 2491 490 2554 Accusator
516 2490 714 2574 conqueritur
741 2489 779 2553 de
801 2487 941 2567 iniuriis,
966 2487 1079 2572 quibus
1102 2509 1133 2550 se
1156 2485 1216 2549 lae

127 2615 191 2660 sum
215 2599 296 2664 dicit
316 2600 354 2668 ab
374 2601 496 2678 amieis,
521 2603 576 2686 qui
599 2603 631 2665 in
654 2601 770 2666 iudicio
794 2601 903 2665 adsint.
942 2599 1002 2665 sed
1026 2600 1083 2664 bae
1105 2597 1216 2684 partim

128 2727 161 2769 ex
192 2731 231 2774 eo
261 2719 336 2774 sunt
365 2734 492 2797 genere,
522 2712 560 2777 de
590 2734 652 2797 quo
683 2713 715 2777 in
746 2713 812 2777 iure
844 2711 988 2776 contendi
1017 2733 1080 2776 non
1108 2709 1214 2796 possit.

128 2815 205 2886 Sunt
231 2823 323 2886 etiam
346 2821 512 2888 admodum
536 2824 679 2888 insulsae.
713 2823 793 2888 Nam
815 2831 939 2909 apparet
965 2846 1001 2886 eu
1016 2823 1117 2908 priore
1132 2829 1217 2908 parte

128 2934 274 2998 orationis
305 2934 437 2999 voluisse
469 2935 537 3000 illos
566 2937 678 3002 amicos
702 2936 881 3001 renunciare
904 2935 1070 3000 amicitiam
1095 2956 1217 2998 accusa-

129 3045 202 3124 tori3
228 3046 373 3111 maluisse
395 3056 500 3111 autem
522 3047 636 3112 sensim
658 3048 748 3112 illum
771 3048 900 3112 missum
923 3047 1039 3124 lacere,
1065 3067 1158 3129 quam
1174 3044 1212 3108 ad

129 3164 246 3236 apertas
270 3156 447 3221 inimicitias
471 3158 622 3244 progredi.
668 3159 762 3240 Quod
789 3159 865 3224 dum
894 3179 1001 3244 parum
1024 3157 1077 3222 ille
1100 3155 1217 3220 intelle·

129 3265 189 3347 got,
221 3269 345 3332 incusat
374 3267 528 3353 ignaviam
550 3289 674 3348 eorum,
698 3271 752 3354 qui
777 3270 876 3356 palam
902 3269 1067 3334 amicitiam
1090 3268 1149 3354 ipsi
1173 3291 1217 3331 re-

129 3381 273 3446 nunciare
297 3401 358 3444 uon
383 3380 451 3443 ausi
473 3380 545 3446 siut.
592 3380 720 3446 Talibus
748 3403 802 3468 per
825 3381 961 3446 edietum
984 3379 1139 3465 quoddam
1162 3389 1217 3442 aut

129 3485 275 3554 iudicium
299 3490 414 3555 mederi
438 3491 516 3556 velle
536 3492 670 3556 hominis
694 3501 739 3558 est
762 3515 863 3558 rerum
885 3494 1089 3557 humanarum
1106 3489 1215 3576 ignari.

129 3595 167 3663 llt
195 3599 279 3686 quod
303 3601 360 3666 sub
384 3603 475 3667 finem
503 3585 650 3668 orationis
674 3605 793 3669 fortiter
815 3603 960 3669 valedicit
983 3603 1086 3668 inlidis
1109 3601 1215 3666 amieis

130 3729 195 3776 eum
219 3713 366 3778 orationis
390 3714 548 3780 habendae
572 3716 699 3780 consilio
723 3737 832 3801 parum
855 3715 998 3780 convenit
1004 3741 1013 3794 3
1038 3714 1117 3779 nihil
1131 3715 1214 3778 enim

129 3821 153 3884 si
181 3823 330 3888 voluisset
360 3826 419 3889 nisi
451 3827 559 3890 missus
584 3828 682 3892 lacere
705 3827 860 3912 improbos
884 3827 1016 3904 amicos,
1041 3825 1128 3890 nullu
1151 3847 1215 3888 ora-

129 3932 209 4000 tioue
242 3957 320 4021 opus
348 3937 474 4015 luisset;
507 3952 613 4003 eontra
635 3939 662 4002 si
684 3959 815 4024 purgare
838 3959 870 4002 se
893 3959 994 4022 eoram
1017 3937 1085 4000 fidis
1110 3937 1214 4001 amieis

130 4047 353 4127 constituisset,
381 4051 491 4114 horum
516 4052 632 4115 animos
655 4051 851 4116 reconciliare
875 4069 945 4114 eum
968 4049 1129 4135 oportebat
1150 4071 1213 4112 uon

130 4153 271 4222 inanibus
295 4159 444 4242 querelis,
469 4161 523 4224 sed
546 4161 699 4226 calumnia
722 4157 904 4239 refellenda3
929 4161 982 4224 sed
998 4179 1150 4244 nusquam
1166 4180 1214 4224 ca·

129 4264 259 4333 lumniae
283 4270 400 4355 capita,
426 4291 578 4356 nusquam
601 4273 676 4359 quid
700 4271 825 4337 tandem
847 4271 907 4336 sibi
929 4272 1083 4336 obiectum
1107 4273 1147 4336 sit
1170 4271 1214 4335 di-

130 4387 205 4445 serte
229 4381 315 4446 dicit.

171 4489 207 4554 Iu
232 4492 326 4556 altera
349 4498 435 4577 parte
459 4493 541 4576 (inde
565 4517 582 4558 ν
605 4497 622 4584 q
648 4497 699 4581 10)
721 4495 823 4582 egitur
844 4494 882 4558 de
899 4515 978 4579 equo
994 4496 1211 4580 oppignerat03
