3128 5208
713 401 729 465 7

176 595 258 660 mibi
290 595 412 681 quidem
435 597 529 662 nimia
552 605 582 662 et
604 620 699 683 paene
722 597 855 684 insipida
879 598 1021 664 videntur
1043 607 1074 662 et
1096 599 1261 677 eiusmodi,

176 715 213 771 ut
239 707 291 772 vix
313 708 552 774 Atheniensibus
575 711 728 797 imponere
751 711 915 794 potuerint.

223 818 330 885 Simile
361 828 422 899 est,
452 821 536 906 quod
566 844 654 907 saepe
678 822 732 906 qui
755 821 863 886 dicunt
885 820 923 885 de
947 821 1184 886 adversariorum
1207 823 1261 886 im·

177 933 328 1017 pudentia
350 943 528 1020 queruntur,
553 935 606 1020 qui
628 935 683 998 soli
705 935 834 998 omuibus
849 934 1030 1020 persuadere
1046 935 1195 999 conentur
1209 934 1258 1017 (cf.

176 1043 216 1106 ad
243 1047 294 1108 20.
321 1048 361 1108 10
385 1052 416 1109 ct
438 1044 477 1109 ad
499 1067 542 1110 or.
568 1048 610 1109 24
633 1052 664 1109 et
687 1047 739 1108 30.
765 1047 828 1128 32),
854 1046 941 1130 quasi
964 1067 1033 1109 vero
1057 1066 1119 1109 non
1142 1044 1259 1109 intelle·
1325 1033 1331 1044 ¹

175 1163 267 1240 gant,
292 1157 371 1221 iuter
393 1179 458 1236 eos,
484 1159 537 1243 qui
553 1164 688 1235 taceant,
706 1157 819 1222 multos
835 1179 899 1222 esse
915 1180 1003 1242 posse
1019 1157 1073 1242 qui
1089 1156 1259 1222 adversario

175 1259 398 1347 assentiantur,
431 1277 484 1333 aut
513 1270 557 1334 sic
586 1271 661 1354 ipsis
692 1276 809 1334 constet
832 1269 869 1334 de
893 1269 1083 1345 innocentia,
1108 1277 1143 1331 ut
1166 1247 1258 1332 sanus

175 1379 269 1442 homo
293 1402 331 1445 ne
348 1381 443 1462 possit
458 1377 581 1465 quidem
598 1381 686 1446 aliter
700 1380 852 1458 iudicare,
869 1403 960 1465 qnam
975 1381 1044 1465 ipsi.
1068 1380 1106 1444 In
1123 1380 1258 1444 oratione

174 1492 268 1556 tertia
291 1492 334 1576 (in
357 1492 520 1578 Simonem)
544 1500 630 1579 optat
652 1515 738 1570 reus,
762 1499 798 1558 ut
821 1493 989 1558 accusatori
1004 1491 1086 1557 idem
1102 1490 1182 1578 qnod
1199 1491 1258 1556 sibi

175 1603 312 1687 placeat,
345 1611 375 1690 et
405 1605 478 1668 relit
508 1627 577 1670 vcra
600 1605 705 1668 testari
729 1606 755 1689 (b
779 1605 842 1686 21).
878 1603 957 1667 Vide
981 1603 1125 1668 callidum
1148 1610 1258 1668 vetera

174 1721 290 1792 torem,
322 1716 377 1798 qui
407 1715 444 1780 ab
476 1715 618 1781 omnibus
649 1715 773 1780 concedi
805 1715 956 1800 postulet,
988 1724 1024 1779 ut
1049 1716 1114 1800 ipse
1137 1714 1258 1780 nullum

174 1826 274 1908 possit
288 1826 479 1894 mendacium
495 1828 690 1892 committere.
714 1825 820 1891 Simile
836 1825 911 1910 quid
927 1827 1022 1890 estin
1038 1825 1258 1891 Theomnestea
1275 1864 1276 1868 =

173 1939 242 2022 (10)
264 1939 282 2022 b
306 1939 356 2002 15.
399 1936 462 2018 Qui
492 1939 665 2007 vicesimam
691 1937 812 2021 scripsit
835 1937 1002 2001 orationem
1026 1959 1062 2001 ex
1085 1937 1256 2000 imitatione

172 2048 286 2132 Lysiae
315 2050 396 2133 (iram
426 2049 522 2113 oratio
551 2048 627 2114 mihi
640 2043 712 2113 'non
736 2047 863 2133 Lysiaca
885 2047 1017 2133 videtur)
1041 2070 1076 2111 eo
1099 2050 1254 2133 pervenit,
1380 2107 1381 2110 ,

172 2168 207 2224 ut
240 2160 280 2224 ad
310 2161 389 2225 senis
416 2161 621 2228 innocentiam
644 2159 865 2226 defendendam
887 2159 1016 2237 diceret,
1040 2180 1101 2223 non
1129 2162 1254 2246 quiaque
1320 2238 1323 2246 Ι

172 2271 283 2336 diebus
310 2272 390 2336 iuter
420 2271 657 2358 quadringentos
689 2295 792 2338 senem
814 2273 924 2353 luisse,
949 2273 1094 2358 quoniam
1118 2295 1171 2357 per
1192 2295 1254 2356 acp-

171 2383 315 2464 taayr'atc.
339 2405 434 2448 annos
464 2405 525 2450 nou
549 2383 727 2469 deliquisset
750 2385 777 2469 (b
802 2385 863 2468 10).
899 2381 1044 2448 Oratione
1068 2386 1108 2446 31
1134 2391 1252 2464 orator,

172 2494 283 2572 Philo,
307 2495 426 2578 inquit,
451 2517 504 2558 ros
520 2518 614 2560 omues
629 2497 735 2561 relicta
750 2479 824 2560 urbe
840 2495 989 2574 deseruit3
1007 2495 1254 2580 indignissimum

171 2606 281 2683 luerit,
305 2607 331 2670 si
354 2629 408 2672 vos
430 2607 513 2673 bunc
535 2631 623 2672 acam
645 2631 707 2672 non
730 2608 942 2693 improbaretis
964 2611 992 2694 (d
1014 2610 1078 2691 31).

218 2718 353 2802 Apparet
375 2739 412 2782 ex
435 2719 497 2796 his,
521 2742 583 2789 non
606 2727 669 2784 tam
692 2720 845 2784 studuisse
867 2718 992 2804 Lysiam
1014 2719 1181 2783 orationem
1203 2740 1253 2781 va·

171 2829 250 2892 riare
273 2851 327 2913 pro
350 2829 476 2896 dirersis
500 2830 668 2898 dicentium
689 2808 842 2910 morib'us,
868 2853 959 2915 quam
983 2831 1175 2896 innocentiae
1191 2852 1253 2893 om-

171 2939 247 3004 nino
270 2939 399 3024 speciem
422 2940 594 3006 dicentibus
614 2941 775 3008 conciliare
794 2965 830 3005 ex
848 2942 1001 3026 imperitia
1016 2943 1059 3006 rei
1074 2941 1251 3006 iudiciariae

171 3057 202 3113 et
236 3050 340 3114 natira
369 3052 499 3136 quadem
530 3052 734 3137 simplicitate.
781 3051 858 3118 Vere
889 3051 994 3118 Oioero
1025 3052 1110 3118 Orat.
1136 3054 1165 3116 6.
1191 3054 1250 3115 20:

170 3160 228 3236 „in
258 3160 423 3245 eodemque
454 3185 565 3247 genere
593 3163 702 3246 (tenui)
733 3163 786 3227 alii
815 3163 937 3241 callidi,
972 3163 1025 3228 sed
1058 3163 1191 3247 impoliti
1222 3170 1252 3226 et
1290 3231 1291 3236 .

171 3274 302 3348 maus
320 3277 436 3338 radium
458 3273 566 3338 similes
588 3281 616 3338 ct
638 3272 866 3357 imperitorum?
901 3272 949 3338 Of.
974 3273 1122 3352 Quinctil.
1140 3273 1202 3338 ΙΠ.
1221 3277 1251 3338 8.

173 3386 233 3446 51ι
257 3383 388 3469 „Lysias
411 3386 525 3470 optime
548 3385 668 3450 videtur
690 3386 722 3448 in
745 3385 803 3462 iis,
828 3406 905 3469 quae
929 3384 1079 3460 scribebat
1103 3384 1250 3465 indoctis,

171 3517 328 3571 „servasse
366 3497 502 3560 veritatis
520 3581 525 3589 ἱ
542 3497 663 3566 fidem.'’
692 3495 749 3560 IX.
775 3498 805 3559 b.
832 3497 890 3561 17:
921 3494 1048 3580 (Lysias)
1080 3494 1252 3572 „scribebat
1280 3555 1281 3559 ,

172 3605 280 3685 „aliis,
309 3629 372 3672 non
400 3607 465 3692 ipse
495 3606 633 3684 dicebat,
657 3613 693 3670 ut
715 3605 883 3690 oportuerit
905 3628 969 3669 esse
991 3605 1045 3669 illa
1067 3604 1195 3669 rudibus
1219 3612 1250 3670 et

171 3717 403 3802 „incompositis
425 3716 538 3782 similia
545 3743 555 3795 3
579 3717 661 3800 quod
684 3715 785 3801 ipsum
807 3713 987 3801 compdsitio
1010 3715 1086 3779 est.”

447 4023 450 4038 ⁸
500 3941 548 4004 Dc
572 3939 721 4005 nautae
743 3937 924 4024 (ἰσχνότητι).
950 3943 952 3946 ’
1016 4005 1018 4007 ,

218 4160 295 4224 Sunt
318 4160 397 4224 iuter
419 4183 487 4237 eos,
512 4160 624 4244 quibus
643 4144 751 4245 Lysias
774 4159 927 4223 orationes
944 4158 1083 4242 scripsit,
1101 4179 1176 4242 quos
1197 4156 1249 4220 isti

175 4294 271 4334 mores
299 4294 406 4357 parum
428 4271 610 4336 decuissent.
656 4272 694 4336 Iu
718 4271 852 4335 oratione
874 4272 942 4334 κατ’
965 4269 1192 4363 Ἐρατοσθένους,
1216 4268 1250 4331 in

177 4381 393 4448 Theomnestea
419 4384 535 4468 priore,
567 4384 600 4448 in
628 4383 682 4450 illa
711 4405 788 4469 qnae
810 4381 987 4448 inscribitur
1006 4381 1096 4460 δήμου
1119 4376 1250 4445 καταλύ-
