3128 5208
869 502 910 564 60

347 705 504 763 accusator
526 721 557 763 se
579 699 684 763 induci
701 700 739 764 ab
755 699 852 764 amieo
874 699 1010 765 Diodoro
1032 725 1138 786 passus
1154 709 1235 780 erat,
1253 709 1289 767 ut
1305 725 1440 787 equum,
1536 727 1537 778 i

347 833 438 894 quem
469 811 605 896 pignoris
628 811 696 876 loco
720 812 903 899 accepisset,
929 813 1087 891 redderet,
1112 813 1195 898 quod
1219 813 1349 878 dubium
1372 836 1441 877 non

347 931 442 1001 esset,
475 924 550 1009 quin
579 924 716 1002 debitor,
740 924 898 1010 Polycles,
923 925 1084 1010 pecuniam
1108 925 1206 990 nihilo
1230 925 1332 990 minus
1356 930 1443 988 esset
1537 1002 1538 1018 ἵ

346 1033 520 1114 soluturus3
546 1041 652 1121 postea
675 1035 831 1100 Diodorus
856 1036 936 1100 iuste
960 1036 1094 1101 debitam
1119 1059 1184 1100 esse
1207 1035 1369 1121 pecuniam
1388 1058 1444 1098 ne·
1537 1033 1538 1046 ¹

346 1131 485 1228 gaserat3
518 1168 649 1231 cumque
680 1169 715 1210 ea
747 1169 794 1210 res
826 1145 862 1210 ad
888 1146 1017 1211 arbitros
1041 1154 1120 1212 esset
1143 1146 1261 1226 delata,
1286 1168 1444 1211 consensu

347 1255 435 1319 amici
459 1257 510 1321 isti
534 1259 704 1324 accusatori
727 1259 879 1324 adversati
902 1265 932 1324 et
956 1261 1092 1346 patronis
1116 1283 1184 1324 eum
1202 1259 1319 1345 privare
1336 1258 1444 1322 eonati

346 1373 433 1431 erant
455 1371 511 1453 (-
533 1373 550 1456 b
576 1374 639 1454 13).
675 1371 824 1456 Perplexa
847 1378 921 1436 sunt
944 1379 975 1436 et
998 1373 1073 1436 haee
1097 1380 1127 1436 et
1150 1396 1229 1458 quae
1252 1372 1290 1435 de
1307 1372 1443 1456 Thrasy-

345 1479 453 1543 macho
485 1480 575 1558 dicit,
607 1504 697 1566 quem
729 1482 874 1566 quoniam
906 1482 987 1547 fideli
1018 1506 1089 1568 erga
1121 1490 1326 1548 accusatorem
1357 1491 1443 1545 esset

346 1591 464 1670 auimo,
495 1592 638 1658 videntur
661 1592 888 1692 suspicionibus
911 1594 1067 1679 implicare
1091 1593 1224 1658 voluisse
1247 1595 1304 1686 (ἢ
1325 1595 1343 1678 b
1368 1594 1440 1677 16).

345 1703 404 1768 Sed
427 1703 459 1768 in
483 1704 570 1768 nulla
592 1727 624 1768 re
648 1704 721 1768 satis
745 1705 800 1768 diu
824 1713 977 1784 versatur,
1002 1707 1140 1791 quamvis
1164 1705 1261 1770 insint
1277 1705 1441 1769 Gordiano
1538 1727 1540 1742 ⁴

344 1815 426 1880 nodo
454 1816 658 1895 intricatiora,
690 1838 768 1901 quae
791 1824 893 1882 tamen
916 1816 960 1881 ita
984 1817 1112 1881 strictim
1135 1825 1306 1902 tanguntur
1328 1825 1365 1879 ut
1388 1817 1442 1880 vel

345 1927 459 2013 optime
486 1927 646 1992 emendata
676 1928 709 1992 in
735 1928 790 1992 illa
813 1928 963 1994 brevitate
987 1929 1149 2015 perspicua
1173 1951 1238 1992 esse
1260 1951 1350 2013 posse
1373 1951 1440 1994 non

345 2039 517 2105 videantur.
1206 2104 1221 2116 ,

389 2151 519 2217 Redolet
552 2151 662 2215 ludum
698 2151 828 2216 rhetoris
859 2160 891 2217 et
922 2152 979 2221 sub
1008 2153 1136 2237 pulvere
1160 2151 1342 2217 scholastico
1363 2174 1442 2215 sana

346 2285 430 2326 mens
453 2261 583 2326 subinde
606 2261 701 2347 plane
721 2261 926 2327 absconditur.
966 2262 1117 2327 Putidum
1138 2271 1199 2340 est,
1220 2270 1257 2327 ut
1276 2262 1334 2326 hoe
1355 2269 1440 2340 utar,

346 2374 428 2459 quod
459 2376 476 2459 b
508 2375 526 2436 8
558 2380 682 2457 propter
710 2372 786 2437 duas
810 2396 917 2437 causas
941 2396 1052 2438 nomen
1077 2373 1222 2439 delatoris
1245 2397 1278 2437 se
1300 2396 1362 2437 non
1387 2372 1441 2437 de-

344 2487 561 2552 nunciaturum
589 2484 745 2550 sodalibus
773 2505 838 2549 esse
862 2485 954 2564 dicit,
979 2508 1015 2550 ex
1039 2485 1152 2570 quibus
1175 2485 1258 2572 prior
1281 2483 1440 2570 estquod

345 2598 443 2663 sciant
473 2598 551 2662 iam!
599 2595 671 2660 Non
703 2617 829 2681 possum
859 2619 921 2660 non
953 2596 1094 2682 ineptum
1127 2595 1229 2660 dicere
1260 2595 1343 2680 quod
1375 2597 1439 2680 §4

289 2713 291 2716 ’
345 2711 473 2796 legitur:
498 2710 554 2776 οὐδ’
581 2707 618 2774 ἂν
642 2711 708 2787 ὑμῖν
732 2710 896 2782 ἐπικαλῶν,
921 2707 939 2773 d
959 2733 988 2774 τι
1009 2709 1130 2786 ἐλέγετε
1149 2708 1219 2773 κατ’
1235 2711 1325 2785 ἐμοῦ,
1338 2707 1441 2771 ταύτὰ

344 2819 484 2900 λέξαιμι·
508 2819 567 2886 acl
591 2818 661 2899 γὰρ
684 2817 725 2884 av
747 2817 951 2896 ἀπολύοιμι
974 2825 1036 2892 τῆς
1060 2820 1183 2892 cirtae
1204 2819 1319 2900 ὑμᾶς,
1340 2816 1442 2896 εἴπερ

347 2934 428 3011 ὑμῖν
458 2931 583 2998 ταύτὰ
613 2930 762 3007 λέγοιμι
795 2930 878 3009 ὑπὲρ
910 2929 986 3013 (Μὸ.
1015 2930 1109 3014 aaptl
1132 2933 1305 3008 ἐμαυτοῦ.
1352 2927 1441 3006 „Vos

344 3066 424 3129 „ego
455 3043 546 3128 culpa
576 3041 755 3120 liberarem,
789 3041 815 3104 si
839 3063 874 3106 ea
897 3040 988 3106 verba
1012 3039 1051 3104 ad
1073 3063 1122 3106 me
1144 3039 1372 3106 defendendum
1394 3061 1440 3102 re·

342 3154 533 3241 „peterem”;
558 3153 645 3239 quasi
669 3175 758 3230 vero,
784 3153 839 3236 qui
865 3152 979 3217 alienas
999 3153 1166 3217 calumnias
1183 3158 1299 3230 narret,
1317 3149 1439 3215 macula

296 3285 298 3290 ·
341 3291 373 3331 se
396 3266 533 3353 polluat,
559 3273 589 3330 et
611 3266 665 3351 qui
681 3264 885 3351 reprehendat
902 3264 1032 3330 aliorum
1048 3265 1139 3330 verba
1156 3264 1321 3342 maledica,
1339 3283 1435 3347 quum

342 3402 377 3443 ea
400 3379 601 3465 pronunciat,
633 3377 770 3442 eiusdem
793 3377 903 3463 culpae
927 3377 1025 3442 affinis
1050 3377 1099 3441 sit.
1146 3377 1254 3442 luania
1278 3383 1325 3440 est
1347 3375 1436 3458 copia

342 3489 506 3555 verborum
535 3491 613 3575 §92
645 3487 803 3567 ξυμβαίνει
833 3490 893 3569 γὰρ
916 3495 1017 3554 ταῦτα
1044 3496 1103 3561 τοῖς
1127 3491 1180 3568 πρὸ
1204 3494 1274 3570 τοῦ,
1300 3485 1348 3551 καὶ
1373 3483 1434 3564 ἐμοὶ

342 3607 452 3679 σημεῖα
473 3606 574 3666 ταῦτα
597 3601 707 3665 ἐκείνων
730 3601 825 3684 ἐστίν,
850 3603 945 3666 ἐκεῖνοι
968 3601 997 3665 δὲ
1018 3601 1126 3667 τούτων
1150 3599 1247 3666 ἱκανά.
1280 3597 1434 3662 Sannione

246 3789 254 3799 ,Ι
343 3712 472 3797 dignum
496 3719 542 3776 est
564 3714 581 3796 b
606 3715 664 3774 19:
697 3711 814 3776 ἐπειδὰν
837 3714 905 3790 ὑμῖν
928 3713 985 3789 ἐγὼ
1010 3713 1053 3790 μὴ
1075 3710 1165 3788 ξυνῶ,
1191 3712 1259 3792 πρὸς
1284 3711 1361 3787 ὑμᾶς
1382 3708 1435 3772 ud·

342 3825 408 3895 τοὺς
439 3823 596 3904 τρέψεσθε,
628 3821 758 3888 κᾶπειτα
782 3824 845 3889 aad
869 3821 920 3888 ἕνα
942 3823 1065 3889 ἕκαστον
1089 3825 1156 3900 ὑμῖν
1180 3825 1278 3894 αὐτοῖς
1302 3820 1436 3900 ἀπεχθή-

343 3936 444 4010 σεσθε,
476 3935 509 4000 ab
536 3935 564 4000 δὲ
595 3943 764 4000 τελευταῖον
794 3935 808 3999 ὂ
834 3929 886 4006 εἷς
916 3936 930 3999 ὅ
960 3933 1174 4012 λειπόμενος
1198 3933 1307 4004 αὐτὸς
1331 3931 1437 3996 αὑτὸν

342 4053 459 4117 κακῶς
475 4047 556 4126 ἐρεῖ.
592 4043 684 4125 Quod
709 4044 843 4129 aliquam
867 4044 960 4109 habet
983 4042 1216 4108 similitudinem
1240 4065 1308 4107 oum
1333 4045 1360 4107 7.
1380 4043 1435 4119 11;

342 4156 395 4222 aed
439 4163 539 4243 potest
582 4179 618 4221 ex
661 4155 853 4220 affectatione
896 4155 1006 4221 coloris
1045 4153 1166 4240 Lysiaci
1204 4155 1337 4219 fluxisse.
1387 4154 1436 4218 Ita

343 4267 435 4332 etiam
457 4268 655 4334 iudicandum
680 4291 745 4332 esse
768 4268 891 4333 videtur
913 4268 951 4333 de
975 4267 1181 4352 argumentis,
1206 4267 1320 4350 quibus
1337 4267 1435 4331 utitur

342 4379 472 4464 scriptor
494 4382 511 4465 b
535 4383 553 4442 6
578 4386 609 4444 et
630 4381 647 4464 t
671 4380 708 4457 83
734 4401 812 4463 quae
836 4402 853 4443 a
873 4377 984 4464 Lysiae
1004 4377 1123 4442 ratione
1142 4399 1205 4442 non
1224 4377 1324 4442 aliena
1343 4383 1432 4458 sunt;

342 4489 442 4576 priore
460 4491 543 4569 loco,
562 4489 697 4577 pudebat
716 4511 786 4569 vos,
803 4490 923 4577 inquit,
943 4495 1046 4575 aperte
1065 4488 1244 4554 renunciare
1263 4488 1338 4553 mihi
1363 4486 1434 4552 ami·
