3074 5210
672 451 711 515 87

521 681 589 722 Xlll.
626 683 691 725 KAT'
710 687 861 726 ΑΓΟΡΑΤΟΤ.

190 872 207 955 b
231 873 261 936 7.
311 873 448 949 Ἡγοῦντο
470 871 493 938 δ’
515 873 611 939 οὐδέν
634 871 724 938 ἄλλο
741 871 841 954 σφίσιν
853 866 1063 948 ἐμποδῶνείναι
1077 871 1093 946 ἢ
1105 869 1170 940 τοὺς
1185 875 1236 935 τοῦ

149 979 235 1057 δνίμου
258 982 484 1062 προεστηκότας.
532 983 670 1048 Ooniicio
696 983 810 1054 οὐδένας
833 985 960 1061 uerae.
997 979 1043 1045 cf.
1070 981 1156 1046 Dein.
1183 984 1234 1046 23.

150 1093 228 1169 204,
255 1095 312 1157 30.
337 1095 388 1160 3⁷.

188 1205 205 1288 t
228 1208 259 1268 9.
312 1205 358 1270 De
387 1205 572 1272 Theramene
600 1228 698 1271 sermo
722 1213 784 1283 est,
810 1205 863 1288 qui
887 1202 1089 1288 pollicebatur
1111 1203 1143 1267 in
1166 1224 1236 1266 con·

146 1314 227 1379 tione
251 1313 298 1381 ὅτι
320 1355 366 1366 --
388 1318 497 1392 ποιήσει
526 1316 600 1383 ῶστε
630 1318 707 1395 μήτε
735 1321 790 1381 τῶν
813 1319 919 1395 τειχῶν
942 1313 1043 1378 διελεῖν
1065 1313 1136 1391 μήτ’
1160 1311 1235 1377 ἄλλο

146 1426 194 1500 τὴν
217 1427 307 1494 πόλιν
329 1431 495 1495 ἐλαττῶσαι
518 1428 614 1506 μηδέν.
651 1426 699 1491 Ne
720 1427 789 1512 quis
811 1425 900 1505 μηδέν
916 1424 954 1490 ad
973 1430 1028 1490 τῶν
1044 1430 1148 1506 τειχῶν
1165 1447 1235 1510 sup·

143 1525 227 1619 pleat
247 1540 288 1603 cf.
312 1539 409 1605 Thac.
434 1539 495 1606 ΙΙΙ.
522 1543 574 1604 89.
600 1543 619 1604 3
645 1543 673 1624 (ἡ
688 1540 850 1620 έπίκλιισιο)
866 1543 916 1603 τοῦ
932 1535 1061 1618 φρουρίου
1077 1541 1133 1601 τῶν
1148 1536 1232 1612 ’Λίν-

144 1649 225 1712 ναίῶν
249 1658 384 1730 παρεῖκε.
432 1651 637 1737 Aliquatenus
653 1651 773 1716 diversa
788 1657 861 1714 sunt
876 1649 955 1713 Plat.
973 1648 1075 1734 Symp.
1093 1651 1168 1712 ale.
1186 1648 1234 1728 D,

145 1757 219 1824 Xen.
253 1761 354 1826 Anab.
372 1759 445 1826 VII.
471 1765 501 1825 4.
528 1764 564 1840 5,
594 1761 706 1846 quibus
730 1763 804 1826 locis
829 1761 947 1846 aliquot
971 1782 1007 1824 ex
1019 1782 1146 1824 numero
1162 1781 1237 1845 quo·

144 1871 212 1936 dam
236 1873 463 1959 intelleguntur
470 1900 479 1951 ;
504 1885 535 1938 et
558 1874 654 1939 Thuo.
680 1874 724 1938 ll.
751 1877 802 1940 75.
827 1877 864 1938 4:
890 1872 1030 1944 διελόντες
1049 1877 1099 1936 τοῦ
1117 1871 1235 1950 τείχους

143 1979 159 2062 ᾗ
186 1987 368 2067 προσέπιπτε
398 1986 432 2049 τὸ
461 1991 557 2065 χῶμα
589 1986 737 2067 ἐςεφίροον
767 1987 818 2062 τὴν
849 1993 923 2066 γῆν,
955 1968 1045 2068 φοοιί
1061 1981 1178 2046 dictum
1201 1991 1237 2046 ut

142 2115 233 2180 snpra
256 2099 275 2182 p
299 2099 336 2160 8:
367 2098 391 2160 εί
421 2097 634 2175 κατασκαφείη
662 2101 718 2161 τῶν
748 2101 855 2176 τειχῶν
876 2100 932 2159 τῶν
955 2099 1072 2172 μακρῶν
1095 2092 1142 2159 ε’πί
1166 2094 1236 2159 δέκα

141 2204 249 2272 στοίδια
273 2207 416 2287 ἑκατέροιν.
464 2206 645 2273 esttamen
669 2207 702 2272 in
726 2206 873 2270 hocloco
898 2205 981 2291 quod
998 2204 1147 2282 offendat3
1165 2229 1235 2270 nam

139 2328 209 2382 ante
242 2319 432 2385 infinitivum
463 2327 534 2405 post
564 2327 652 2384 ποιεῖν
683 2317 758 2384 ῶστε
789 2317 962 2383 subiectum
985 2341 1003 2382 a
1025 2318 1169 2403 primario
1192 2318 1236 2382 di-

140 2451 261 2495 versum
285 2453 347 2495 non
371 2439 472 2517 potest
495 2433 615 2510 omitti3
640 2433 787 2495 omissum
811 2440 914 2496 autem
937 2431 987 2495 hic
1006 2453 1071 2494 esse
1088 2429 1233 2496 Λακεδαι-

140 2540 251 2615 μονίους
281 2565 318 2607 ex
340 2547 506 2610 ἐλαττῶσαι
530 2543 653 2610 demum
677 2544 876 2629 intellegitur.
908 2543 1045 2610 Proclive
1066 2551 1112 2608 est
1127 2541 1232 2615 αὐτούς

140 2651 270 2718 addere
292 2653 350 2718 Sed
374 2654 533 2740 aliquanto
558 2654 745 2739 probabilius
770 2661 831 2732 est,
849 2655 958 2730 ποιήσει
975 2677 1038 2718 esse
1055 2660 1233 2739 corruptum

140 2784 175 2825 ex
207 2766 313 2830 πείσει.
359 2765 434 2829 Post
464 2765 567 2830 πείθειν
606 2765 761 2831 obiectum
797 2767 950 2830 omittitur
983 2773 1019 2830 ut
1044 2765 1141 2830 Thnc.
1169 2763 1231 2828 III.

143 2875 223 2939 100:
253 2877 481 2956 προπέμψαντες
504 2875 634 2959 πρότερον
656 2877 686 2950 ἔς
708 2903 742 2943 τε
765 2877 890 2956 Κίρινίον
909 2878 958 2942 καί
979 2879 1009 2949 ἕο
1021 2877 1232 2955 Λακεδαίμονα

141 2987 278 3067 πρέσβεις
297 3027 341 3038 -
364 2989 504 3054 πείθουσιν
527 2989 600 3055 ῶστε
624 2991 709 3072 σφίσι
733 2990 854 3068 πέμψαι
876 2989 1026 3071 στρατιῶν.
1052 2987 1098 3052 Of.
1122 2987 1164 3051 id.
1180 2990 1230 3051 75.

144 3098 158 3159 l
184 3107 215 3164 et
241 3099 325 3164 alibi.

184 3211 201 3294 t
227 3211 278 3274 12.
325 3209 548 3294 Cleophontem
572 3211 756 3276 damnarunt
778 3210 925 3294 πρόφασιν
947 3210 1000 3288 μέν
1020 3206 1062 3274 ὅτι
1082 3211 1131 3274 οὐκ
1148 3206 1230 3284 dalea

141 3317 179 3390 εἷς
210 3322 253 3393 τῶ
282 3319 362 3385 ὅπλα
393 3323 650 3401 ἀναπαυσόμενος,
679 3322 712 3386 τὸ
741 3322 765 3384 δ’
787 3321 892 3396 ailadis
923 3317 965 3386 ῶτι
995 3322 1132 3385 ῶντείπεν
1162 3321 1230 3402 ὑπὲρ

142 3430 219 3504 ὑμῶν
250 3433 292 3509 μὴ
321 3434 465 3513 καθαιρεῖν
492 3434 533 3499 τίκ
555 3435 654 3515 τείχη.
700 3433 838 3498 Breviter
861 3440 1075 3498 commemorat
1097 3453 1175 3516 quae
1198 3432 1230 3495 in

141 3537 348 3608 Nicomachea
370 3545 397 3629 (b
423 3546 475 3629 10)
498 3545 597 3610 fusius
621 3552 802 3623 narrantur3
820 3544 985 3609 conflatum
1001 3550 1065 3608 erat
1081 3541 1230 3606 iudicium

142 3650 258 3718 adscito
290 3663 416 3734 senatu,
447 3658 499 3741 qui
529 3678 695 3742 paucorum
718 3655 839 3720 favebat
862 3655 1008 3741 imperio,
1033 3677 1095 3739 quo
1119 3654 1230 3718 certius

141 3761 193 3828 ille
225 3764 487 3831 condemnaretur.
534 3765 640 3847 Quum
671 3767 808 3852 legitima
838 3766 935 3830 forma
964 3765 1070 3830 iudicii
1093 3787 1156 3829 non
1179 3765 1230 3830 ob·

142 3882 328 3954 servaretur,
352 3877 384 3940 in
408 3899 444 3940 eo
467 3900 590 3963 quoque
610 3878 863 3944 aconsuetndine
879 3901 1030 3943 recessum
1046 3901 1127 3955 esse,
1146 3876 1228 3963 quod

143 3986 257 4050 crimen
289 3988 494 4053 contumaciae
528 3988 670 4053 militaris
701 3989 739 4053 ed
762 3989 910 4054 iudicium
933 3990 1058 4075 aliquod
1083 3989 1227 4073 (δικαστή-

142 4101 222 4181 ριον),
247 4120 309 4163 non
331 4099 371 4162 ad
394 4107 542 4184 strategos
566 4101 750 4178 deferretur,
775 4123 837 4166 non
862 4110 908 4165 est
931 4102 1014 4185 qnod
1037 4101 1098 4165 illis
1121 4099 1227 4163 turbu·

143 4203 232 4272 lentis
255 4209 444 4294 temporibus
467 4211 621 4275 miremur.
669 4210 728 4276 Sed
751 4213 783 4276 in
808 4211 864 4276 bac
880 4211 1025 4276 brevitate
1040 4233 1088 4275 me
1104 4209 1227 4295 quidem

144 4324 234 4383 tenue
265 4320 343 4386 illud
374 4322 614 4399 ῶναπαιισίμενος
636 4344 819 4407 magnopere
843 4321 979 4387 offendit.
1015 4321 1075 4386 Fac
1097 4344 1159 4385 non
1183 4323 1228 4384 in-

144 4436 211 4516 epte
239 4433 359 4499 crimini
387 4434 492 4498 datum
514 4434 608 4500 fuisse
631 4434 833 4521 Cleophonti,
858 4434 941 4527 quod
964 4434 1022 4499 sub
1045 4441 1166 4498 noctem
1189 4433 1227 4497 ad
