3074 5210
865 485 904 548 76

335 679 444 752 τούτοις
468 686 575 762 πρῶτον
598 682 685 752 ωὐτὸς
709 689 844 764 περνεῖνοω
868 683 925 748 δεῖν
949 687 1043 750 ωὐτῶν
1067 686 1116 751 aa}
1140 683 1421 767 μεγωλοψνχοίτερος
1521 741 1522 746 ,

334 791 498 873 Φονίνετίονν.
533 792 581 856 Id.
598 795 651 856 44.
670 795 711 856 29
722 817 729 857 e
742 793 831 858 οίετοοο
846 794 902 858 δεῖν
918 796 1001 876 rapot
1016 796 1132 870 τοίντοος
1147 797 1214 870 τοὺς
1229 793 1332 874 νίμονς
1348 798 1421 861 atrro-

334 911 471 983 ττεοῆοοω
495 905 574 980 ἡμᾶς
597 911 650 979 τῆς
668 906 863 986 κληρονομίοος.
888 905 934 972 Of.
957 907 999 972 ib.
1023 910 1075 972 28.
1099 911 1198 972 etas.
1218 910 1292 972 131.
1315 907 1423 971 lsocr.
1521 965 1522 968 ,

336 1015 365 1077 9.
392 1016 452 1078 30:
475 1017 533 1095 οὐχ
556 1015 689 1092 lyricam
711 1016 768 1083 δεῖν
790 1017 892 1099 χωρίον
913 1019 1014 1101 ίχνρδν
1030 1019 1422 1099 cesaraeae-reputat.
1521 1051 1522 1054 ¹

379 1124 428 1189 Ad
452 1125 550 1210 legem
572 1124 650 1198 ὅστις
673 1125 696 1191 δ’
718 1128 840 1193 ualuas
860 1138 897 1209 τῇ
921 1129 1005 1213 δείρᾳ,
1029 1129 1102 1195 ἔνδον
1126 1136 1177 1198 τοῦ
1201 1131 1328 1196 κλέπτον
1344 1129 1421 1202 ὄντος

329 1237 346 1320 d
377 1238 414 1301 17
448 1235 580 1322 respexit
611 1237 831 1323 Aristophanes
863 1239 980 1305 Eccles.
1012 1243 1094 1306 420:
1127 1241 1160 1316 ἣν
1184 1241 1207 1306 δ’
1230 1244 1366 1325 οίτοκλνίν
1388 1251 1423 1322 τῇ

328 1345 396 1428 ίιίροο
416 1353 557 1428 χειμῶνος
580 1347 675 1426 ὄντος,
699 1357 775 1430 τρεῖς
799 1350 916 1431 τντύοως
940 1353 1091 1435 ὀφειλέτω.

372 1460 465 1542 ᾧ18.
512 1458 730 1544 Fragmentum
759 1461 854 1547 legis:
885 1463 918 1527 τὸ
951 1463 1083 1543 crytae
1110 1461 1348 1542 οτοίτνμον·είνων
1372 1466 1420 1546 ἐφ’
1522 1517 1523 1526 ,

328 1562 422 1662 ίτίτῳ
445 1567 482 1633 οίν
503 1568 647 1648 βούλντων
671 1571 684 1636 ὅ
710 1572 841 1652 δανείζων
864 1572 902 1637 ab
925 1574 992 1658 ipso
1017 1582 1136 1638 oratore
1151 1575 1323 1660 explicatur
1338 1575 1420 1641 τόνον
1522 1602 1523 1638 ;

329 1677 550 1759 τροίττεσίωο
581 1680 682 1747 ὁπόσον
711 1680 748 1746 ἂν
777 1682 939 1762 βοοίλντοω,
974 1684 1058 1769 qnod
1089 1706 1159 1748 oum
1181 1685 1326 1765 ττοίονμον
1349 1683 1446 1752 atvar
1522 1745 1523 1748 ,

329 1811 436 1874 parum
466 1792 617 1856 convenit.
664 1791 844 1878 Lugendum
876 1801 952 1879 puto
975 1794 1008 1860 τὸ
1032 1795 1164 1876 aarum
1186 1821 1233 1860 οτ.
1258 1799 1346 1862 θείνων
1371 1799 1420 1879 ἐφ’

328 1901 422 1982 ὁπόσῳ
444 1927 471 1967 ν.
495 1929 524 1969 τ.
549 1904 589 1979 1.,
613 1885 680 1968 tuni
703 1906 736 1970 τὸ
760 1906 938 1984 οτοίτνμον
961 1908 1076 1972 ίεῖνων
1099 1911 1178 1973 τοῦτ’
1201 1910 1279 1974 ἔστιν
1296 1936 1324 1975 κ.
1346 1936 1375 1977 τ.
1395 1911 1418 1975 ἑ.

329 2013 349 2076 i.
363 2037 389 2078 e.
399 2017 476 2080 οἵίνοί
485 2015 660 2094 ττοίονμον
671 2019 783 2084 ίεῖνοοο
795 2023 934 2099 (elocare)
944 2041 1000 2085 νον
1013 2028 1060 2086 ert
1070 2026 1184 2086 alatro
1188 2023 1361 2107 ponderare
1368 2024 1421 2086 aad

330 2148 454 2191 usuram
477 2134 599 2212 ccipere
621 2136 761 2213 quantam
783 2134 918 2196 voluerat.
965 2129 1052 2196 Num
1074 2131 1165 2197 verba
1187 2135 1202 2195 ο
1227 2132 1362 2214 δοννείζων
1385 2133 1419 2196 in
1522 2161 1523 2164 ¹

329 2237 396 2324 lege
419 2239 486 2325 ipsa
508 2263 543 2304 eo
567 2240 634 2306 loco
657 2243 757 2328 posita
777 2243 890 2307 fuerint
911 2265 951 2308 an
967 2243 1177 2328 explicationis
1193 2265 1285 2308 causa
1300 2243 1339 2308 ab
1356 2265 1419 2306 ora·

330 2355 396 2414 tore
427 2350 531 2415 addita
560 2375 623 2417 non
646 2352 785 2418 decerno.
833 2353 914 2418 Nam
938 2355 1042 2419 omnia
1065 2377 1143 2440 quae
1167 2354 1348 2440 exlegibus
1372 2375 1419 2417 ve-

330 2462 422 2526 tustis
453 2462 621 2528 afferuntur
651 2472 724 2529 sunt
754 2465 901 2552 abrupta;
933 2465 1118 2545 identidem,
1152 2474 1181 2531 et
1212 2469 1229 2552 d
1254 2468 1292 2531 17
1319 2469 1418 2550 (ἐντεν-

329 2577 407 2652 your
417 2613 462 2624 -
474 2574 652 2660 δροωκοίζενν)
676 2583 707 2640 et
721 2578 738 2662 d
755 2578 794 2639 19
815 2576 890 2659 (ὅσοι
900 2615 947 2626 ·-
957 2577 1094 2662 ὀφείλειν)
1111 2576 1296 2642 diversarum
1314 2578 1417 2663 legum

329 2686 495 2771 particulae
519 2685 661 2773 deinceps
684 2695 842 2773 ponuntur
866 2689 931 2752 sine
955 2687 1021 2784 ullo
1044 2688 1178 2752 vinculo.
1202 2727 1247 2738 -
1267 2689 1418 2766 Στνίτνμον
1523 2717 1524 2740 2

327 2798 432 2864 τνίίνοον
456 2796 572 2863 dictum
596 2806 642 2863 est
665 2806 702 2863 ut
724 2801 855 2880 ἐνέχυρον
877 2798 982 2865 τνίένοω
1006 2824 1045 2866 το.
1091 2799 1133 2863 Et
1155 2805 1247 2864 notae
1264 2807 1339 2864 sunt
1354 2821 1421 2886 poe·

288 2975 292 2984 ,
329 2910 408 2976 ticao
431 2909 580 2975 formulae
603 2907 700 2989 ἅλων,
724 2911 879 2988 νίτοίντον,
904 2910 962 2976 νέον
984 2909 1085 2988 θέμεν,
1110 2910 1179 2975 alia.

370 3023 462 3106 ΜΒ.
509 3019 596 3101 „Cur
628 3044 740 3107 poenas
773 3022 810 3089 ab
842 3045 877 3087 eo
908 3044 970 3086 non
1000 3020 1188 3108 repeterem?
1232 3023 1317 3094 Τίνος
1342 3021 1417 3090 ὄντος

325 3131 390 3208 luci
420 3130 488 3213 τοδε
512 3133 590 3210 ὑμᾶς
614 3133 822 3211 &uolucrem
847 3133 1005 3212 DobreuS,
1030 3132 1113 3218 quod
1136 3133 1261 3210 mirere,
1286 3133 1337 3198 hic
1360 3141 1417 3197 sta·

327 3241 389 3306 tuit
419 3242 500 3308 idem
527 3267 592 3310 esse
623 3244 766 3324 ἕννλνμοο
797 3244 938 3323 νίννετονί
966 3268 1014 3323 μον
1037 3243 1105 3324 τρίς
1128 3267 1193 3309 τννον
1218 3253 1248 3308 et
1270 3246 1325 3309 τινὶ
1348 3243 1414 3323 πρὸς

328 3352 389 3432 ε’μέ.
414 3353 636 3440 „Exemplum
661 3355 782 3440 inquit,
805 3356 941 3421 notabile
960 3356 1170 3434 locutionum,
1187 3355 1242 3420 ubi
1257 3355 1290 3418 in
1305 3378 1337 3420 re
1351 3377 1414 3420 mu·

326 3473 402 3544 „tua
423 3465 468 3530 nil
490 3466 599 3544 refert,
627 3475 731 3532 utrum
756 3466 839 3532 dicas
861 3471 902 3549 τῷ
924 3478 952 3533 Α
977 3468 1045 3548 τοδε
1068 3467 1117 3531 τὸν
1140 3479 1162 3532 Β
1185 3488 1224 3531 an
1247 3469 1287 3548 τῷ
1311 3465 1412 3544 Βτοδς

325 3577 396 3658 „riv
418 3579 478 3645 A.''
501 3579 539 3643 In
563 3587 639 3644 orat.
663 3587 770 3644 contra
791 3579 875 3644 Erat.
899 3581 946 3665 §2
969 3580 1050 3663 (nam
1066 3579 1149 3643 hune
1164 3578 1266 3644 locum
1284 3577 1412 3663 primum

327 3691 449 3776 allegat)
465 3713 564 3755 sermo
580 3698 625 3755 est
637 3690 675 3755 de
687 3691 856 3755 inimicitiis
870 3689 982 3775 (ἔχθρᾳ)
992 3716 1001 3767 3
1015 3690 1072 3753 hoe
1084 3689 1183 3754 solent
1195 3711 1260 3754 esse
1271 3695 1410 3761 mutuae,

326 3803 408 3868 unde
431 3802 543 3867 licebat
562 3803 675 3867 oratori
695 3803 796 3867 dicere
815 3800 876 3878 ἥτις
896 3797 929 3874 ἦν
948 3805 1046 3873 αὐτοῖς
1067 3800 1135 3883 πρὸς
1146 3802 1198 3875 τὴν
1211 3800 1294 3866 τίνων
1307 3799 1410 3880 ἔχίρν,

326 3916 386 3981 ἀνθ’
417 3911 481 3979 ίτον
510 3917 620 3980 τοιοῦτ’
644 3915 811 3992 ἕτίλμντων
834 3916 874 3986 εἷς
898 3915 989 3987 certa
1013 3911 1240 3992 ἐξωμωοτοίνενν,
1263 3934 1338 3996 quoe
1359 3913 1412 3973 νὀοί-

324 4030 456 4090 micita'oe
485 4030 563 4090 c'cter
595 4048 643 4090 eoa
664 4033 694 4090 et
716 4031 863 4091 civitatem
886 4029 1112 4090 ictereeooem'ot
1133 4045 1188 4109 pro
1212 4027 1286 4107 qaid
1308 4027 1411 4088 ονὀίίοε

324 4143 356 4202 ia
379 4140 615 4222 eoondeliquem't.
661 4137 825 4223 Superiora
847 4137 978 4219 πρότερον
1002 4138 1055 4215 μὲν
1078 4137 1137 4217 yar
1164 4136 1217 4202 ἔδει
1240 4137 1292 4210 τὴν
1307 4135 1410 4215 ἔχίροον

325 4249 391 4320 τοὺς
419 4257 652 4329 κατηγοροῦντος
683 4249 839 4328 ἐπιδείξων,
869 4249 931 4326 ἥτις
954 4249 995 4325 εἴν
1019 4251 1086 4330 πρὸς
1108 4249 1174 4320 τοὺς
1197 4247 1362 4331 Φεύγοντος
1385 4242 1410 4304 si

327 4361 424 4424 voluit
444 4361 584 4426 similiter
599 4361 767 4446 explicata,
785 4383 847 4424 non
863 4368 1025 4446 cumputo
1042 4381 1146 4424 verum
1162 4359 1282 4424 vidisse.
1307 4353 1407 4423 Animi

325 4473 526 4539 intentionem
565 4481 597 4540 et
630 4474 779 4540 fervorem
813 4472 972 4538 ostendere
1012 4473 1138 4538 decebat
1169 4478 1317 4551 actorem,
1347 4488 1405 4534 non
