3128 5208
837 472 855 532 8

306 695 377 741 οεοος
400 671 548 748 uxorata
572 671 637 753 (25)
660 691 720 780 npn
745 678 817 735 sunt
839 669 969 734 modesti
981 676 1012 734 et
1028 669 1169 735 submissi
1190 693 1313 750 sensus,
1330 671 1383 735 sed

305 782 438 866 insurgit
460 782 557 846 oratio
581 790 611 845 ct
636 782 779 866 grandior
803 791 857 846 est.
904 782 1017 848 Tamen
1046 782 1160 869 ubique
1185 791 1308 869 apparet
1330 783 1385 848 illa
1497 801 1501 808 '

306 894 450 970 ιοοοοοοίαε,
475 893 562 957 ouius
586 893 879 977 praestantissimum
902 893 1054 979 exemplar
1076 892 1184 979 Lysias
1200 917 1218 959 a
1233 894 1384 959 veteribus

306 1003 367 1067 fere
391 1003 543 1068 iudicatus
564 1012 619 1066 est.
666 1003 831 1089 Dionysius
860 1003 898 1067 de
921 1004 1009 1069 Dem.
1034 1007 1063 1068 2.
1087 1003 1164 1082 λέξον
1187 1005 1321 1091 appellat
1342 1021 1386 1070 λο-

307 1115 358 1189 aha
381 1116 429 1179 aul
452 1115 567 1198 οἱφελῆ,
589 1115 759 1200 oppositam
782 1115 867 1178 illam
881 1114 1068 1200 Thucydidis
1084 1116 1237 1200 gravitati.
1261 1115 1384 1201 Trypho

307 1225 345 1290 de
368 1226 463 1310 tropis
488 1249 516 1310 p.
532 1227 612 1291 750:
638 1234 820 1307 Χαρακτῆρες
843 1226 974 1308 ρὀρτοροκοὶ
996 1234 1088 1305 τρεῖς,
1108 1225 1261 1309 αὐστηρός,
1278 1227 1384 1310 μέσος,

308 1335 423 1416 ἰσχνός·
458 1335 508 1400 aa>
541 1337 588 1400 τὸν
621 1339 675 1414 μὲν
710 1337 849 1417 οούοτηρὸο
882 1337 968 1420 (alibi
996 1337 1094 1419 οὶδρόο,
1122 1340 1384 1422 μεγοολοοτρεπῆ)ο“

310 1448 480 1523 Θουκοδοῧιρς
512 1449 683 1538 ἐπετήδευσε
711 1457 888 1529 χοιροοκτῆροο
917 1487 962 1498 -
988 1455 1036 1514 τὸν
1057 1449 1082 1513 T
1104 1450 1202 1530 ἰσχνὸν
1224 1448 1384 1530 Αἰσχίνης,

308 1557 487 1640 Ἰσοκράτης,
516 1560 643 1641 horluc,
671 1558 853 1635 ’Audendum
879 1560 995 1631 Ἰσοοῖος.
1041 1559 1152 1624 Fusius
1182 1581 1246 1624 rem
1269 1567 1387 1645 praeter

309 1671 384 1734 alios
409 1670 534 1755 exponit
557 1669 662 1734 Cicero
685 1669 770 1735 Orat.
798 1673 826 1735 6.
852 1673 911 1734 20:
936 1671 1017 1750 „tria
1039 1678 1111 1735 sunt
1134 1671 1257 1734 omnino
1277 1692 1389 1755 genera

308 1781 469 1860 ,‚dicendi,
503 1781 614 1866 quibus
644 1782 677 1845 in
708 1782 836 1867 singulis
868 1782 992 1868 quidam
1023 1782 1206 1846 floruerunt:
1238 1804 1387 1868 peraeque

308 1901 433 1972 „autem
463 1892 506 1977 (id
537 1893 619 1979 quod
650 1894 801 1979 volumus)
832 1895 974 1980 perpauci
1001 1894 1035 1959 in
1058 1893 1208 1959 omnibus.
1254 1891 1335 1957 Nam
1357 1899 1389 1956 et

308 2005 527 2091 „grandiloqui
556 2013 592 2069 ut
622 2006 666 2070 ita
693 2005 792 2069 dicam
820 2005 943 2069 fuerunt
966 2005 1088 2089 (οόοοοοι
1112 2003 1313 2068 characterem
1337 2026 1388 2088 ap-

309 2117 426 2203 „pellat
457 2115 576 2180 Gellius
600 2115 640 2180 N.
665 2117 702 2181 A.
728 2115 801 2180 VII.
829 2120 887 2195 14,
911 2139 1027 2200 ρτοτοοο
1050 2117 1167 2180 Auctor
1189 2114 1227 2180 ad
1251 2115 1385 2179 Herenn.

308 2226 389 2307 „Iu
413 2229 441 2291 8.
463 2229 525 2313 ll.)
548 2267 593 2278 -
616 2236 646 2292 et
670 2236 776 2292 contra
798 2235 922 2307 tenueS,
946 2229 1045 2307 acuti,
1070 2227 1172 2292 omnia
1194 2227 1334 2291 docentes
1358 2232 1388 2290 ct

308 2338 513 2418 „dilucidiora
535 2361 597 2403 non
621 2339 770 2424 ampliora
792 2339 954 2419 facientes,
971 2338 1078 2403 subtili
1093 2337 1224 2424 quadam
1239 2344 1270 2402 et
1286 2359 1388 2422 pressa

309 2450 468 2529 „oratione
498 2451 596 2515 limati
603 2478 612 2529 3
644 2452 676 2515 in
706 2451 871 2535 eodemque
899 2473 1007 2537 genere
1041 2450 1094 2513 alii
1117 2449 1237 2527 callidi,
1261 2448 1313 2513 sed
1328 2445 1390 2512 ‘im-

310 2561 422 2645 „politi
454 2569 484 2625 ct
516 2561 655 2626 consulto
685 2561 810 2625 rudium
840 2561 953 2626 similes
978 2568 1007 2624 et
1030 2537 1241 2645 imperitorum
1248 2585 1257 2638 ;
1281 2559 1334 2624 alii
1356 2559 1390 2623 in

310 2671 438 2750 „eadem
459 2672 619 2737 ieiunitate
643 2673 868 2752 concinniores‚
891 2672 923 2737 id
945 2681 991 2737 est
1013 2673 1120 2750 faceti,
1137 2673 1277 2737 florentes
1298 2670 1389 2735 etiam

309 2789 363 2862 „et
392 2783 500 2848 leviter
527 2785 636 2848 ornati.
682 2783 738 2847 Est
760 2791 862 2848 autem
885 2784 1010 2870 quidam
1032 2784 1207 2848 interiectus
1229 2783 1309 2848 inter
1331 2783 1387 2846 hos

309 2893 449 2972 „medius
473 2902 503 2958 et
526 2895 614 2979 quasi
637 2902 820 2980 temperatus
829 2895 859 2973 ‚”
882 2895 948 2959 rell.
984 2893 1062 2958 (lum
1082 2892 1227 2958 Cicerone
1247 2891 1388 2974 Quincti·
1433 2911 1436 2916 '

310 3005 410 3069 lianus
434 3003 507 3068 XII.
536 3007 585 3069 10.
612 3007 652 3068 58
676 3005 859 3090 tripertitam
883 3005 1021 3090 sequitur
1039 3004 1228 3069 divisionem.
1258 3003 1317 3068 Sed
1335 3003 1388 3068 alii

309 3116 442 3181 technici
464 3115 561 3180 aliter.
607 3115 780 3180 Demetrius
803 3115 841 3180 de
864 3116 975 3180 elocut.
999 3138 1024 3180 o.
1049 3117 1108 3180 36:
1132 3116 1185 3181 εἰσὶ
1204 3114 1233 3179 δὲ
1252 3114 1390 3195 τέσσαρες

309 3230 334 3293 οἱ
357 3229 451 3294 alnao?
468 3237 669 3310 χοοροοκτῆρες,
693 3227 806 3311 ἰσχνός,
830 3228 1076 3307 μεγαλοπρεπής,
1101 3225 1270 3306 γλαφυρός,
1293 3225 1389 3297 δεινός.

312 3339 390 3416 Alii,
416 3340 521 3405 eodem
544 3347 682 3418 auctore,
706 3339 768 3403 duo
796 3339 1042 3426 distinguebant,
1072 3344 1108 3402 ut
1130 3338 1163 3402 τὸ
1184 3336 1338 3420 γλαφυρόν
1360 3343 1391 3400 et

243 3463 246 3470 '
312 3451 345 3516 τὸ
368 3449 467 3531 ἰσχνόν
489 3473 601 3528 unum,
625 3450 658 3516 τὸ
680 3450 905 3529 μεγαλοπρεπές
929 3456 959 3514 et
980 3450 1013 3514 τὸ
1037 3449 1122 3515 δεινόν
1145 3449 1274 3513 alterum
1297 3448 1391 3513 effice-

311 3571 379 3626 rent
402 3562 450 3646 (οἶ.
475 3561 538 3626 (lio.
562 3563 649 3626 Brut.
676 3565 740 3647 55).
786 3562 851 3626 Alii
873 3584 979 3626 narsus
1003 3560 1155 3626 addebant
1177 3560 1225 3626 rba
1247 3559 1391 3644 γροτφοοὸν

311 3673 360 3737 acl
383 3672 432 3738 τὸν
453 3672 567 3754 ἀνθηρὸν
588 3680 780 3754 χοιροκτῆροο,
806 3672 901 3736 veluti
919 3671 1114 3757 Hipparchus
1132 3671 1213 3757 apud
1229 3670 1390 3757 Syrianam

312 3783 351 3847 ad
373 3767 517 3868 Hermog.
542 3783 579 3847 de
601 3783 684 3848 Idcis
708 3783 789 3868 apud
812 3783 953 3869 Spengel.
978 3789 1033 3846 art.
1058 3781 1181 3868 Scriptt.
1206 3806 1235 3868 p.
1262 3784 1313 3848 76.
1343 3781 1390 3846 Ex

312 3894 423 3979 quibus
450 3893 611 3978 generibus
636 3895 786 3979 posterius
816 3896 849 3958 τὸ
878 3893 992 3972 cluoneda
1020 3892 1127 3958 Cicero
1150 3894 1187 3958 ad
1210 3901 1302 3958 tenue
1324 3895 1391 3977 (rto

310 4006 432 4087 renus),
464 4002 693 4085 Quinctilianus
722 4005 835 4090 (llll.)
866 4004 904 4068 ad
934 4003 1068 4068 medium
1097 4005 1206 4069 referre
1237 4004 1388 4068 videntur.

312 4114 372 4179 Sed
401 4115 434 4178 in
465 4116 617 4200 tripertita
647 4116 700 4180 illa
729 4117 896 4196 divisione,
921 4117 947 4180 si
970 4117 1039 4202 quis
1062 4123 1196 4202 reputet,
1221 4139 1312 4201 quam
1335 4116 1389 4180 im-

250 4276 253 4284 .
311 4248 450 4290 mensum
472 4227 666 4291 intervallum
689 4229 729 4292 sit
751 4229 831 4293 inter
853 4227 1063 4314 Thucydidem
1079 4234 1109 4290 et
1123 4225 1263 4312 Lysiam,
1284 4225 1390 4291 fatebi-

253 4325 258 4336 ’
311 4343 363 4399 tur
392 4335 527 4401 medium
553 4337 632 4401 illud
655 4360 750 4422 genus
774 4361 881 4423 parurn
904 4361 967 4403 esse
991 4337 1150 4400 definitum
1173 4346 1202 4402 et
1226 4337 1389 4403 admodum

313 4445 372 4510 late
394 4456 506 4535 patere.
539 4450 641 4534 Atque
665 4449 788 4514 omnino
811 4457 911 4513 totum
934 4447 1011 4512 illud
1035 4448 1210 4512 institutum
1232 4448 1388 4514 dividendi
