3128 5208
861 477 901 538 16

340 671 524 756 susceperis,
549 672 587 736 ad
610 672 701 736 finem
723 673 812 737 tueri.
836 672 909 738 Non
932 696 1009 760 opus
1032 682 1079 739 est
1102 684 1132 739 et
1155 698 1193 739 ne
1215 674 1280 740 fieri
1296 673 1428 758 quidem

340 789 457 866 potest,
482 787 518 844 ut
540 781 687 848 candidus
711 789 742 846 et
765 784 893 872 simplex
915 785 1029 870 ubique
1053 787 1093 850 eit
1115 792 1216 850 oraton
1231 787 1350 862 tennis;
1369 785 1426 850 sed

340 892 398 956 hoo
420 893 610 978 postulatur,
635 903 671 958 ut
693 903 773 959 certe
790 897 920 980 speeiem
936 897 1021 961 illam
1037 897 1175 962 candoris
1185 919 1262 980 prae
1275 897 1428 984 aeserta&

338 1005 383 1069 ita
413 1003 602 1069 auditoribus
632 1004 718 1069 facile
750 1006 904 1091 imponere
935 1015 1044 1093 potest.
1091 1008 1129 1072 Id
1159 1010 1217 1073 etsi
1240 1007 1428 1094 plerumque

339 1115 445 1201 Lysias
465 1117 552 1194 tecit,
574 1123 675 1180 tamen
698 1116 827 1182 subinde
846 1119 880 1182 in
896 1126 1009 1183 conatu
1028 1119 1147 1198 definit,
1166 1126 1202 1183 ut
1219 1118 1308 1183 dolus
1325 1118 1429 1204 pellu-

339 1235 420 1305 eeat3
451 1227 580 1292 subinde
611 1228 702 1292 etiam
725 1229 829 1313 posuit
854 1237 1047 1315 argumenta,
1073 1252 1150 1315 quae
1172 1230 1281 1294 melius
1311 1230 1429 1314 abfuis-
1469 1269 1473 1276 ·

339 1345 423 1416 sent,
456 1340 600 1423 qnoniam
629 1341 693 1404 eius
716 1362 812 1425 genus
836 1340 958 1406 dicendi
981 1340 1176 1406 dedeoebant.
1223 1338 1309 1406 Inter
1337 1342 1427 1426 inge-

338 1451 424 1515 nium
453 1450 597 1528 oratoris,
630 1451 683 1534 qui
713 1451 861 1516 didicerat
890 1453 938 1517 τὸν
961 1451 1037 1528 ἥττω
1057 1451 1145 1530 λόγον
1171 1452 1288 1532 κρείττω
1311 1459 1425 1528 ποιεῖν,

339 1569 370 1626 et
399 1561 487 1627 facile
511 1561 676 1649 'propterea
706 1562 743 1627 ad
776 1571 919 1628 contorta
943 1571 1034 1649 atque
1057 1570 1164 1649 arguta
1187 1564 1301 1628 invitus
1324 1584 1426 1647 paene

339 1673 550 1753 delabebatur,
571 1682 600 1739 et
614 1675 740 1740 formam
756 1675 902 1740 orationis
918 1697 979 1739 non
995 1683 1059 1739 erat
1076 1675 1221 1740 nabmalis
1237 1680 1425 1751 concentum

338 1787 435 1850 oratio
448 1794 512 1851 erat
523 1788 625 1850 tennis
643 1810 681 1852 an
700 1794 857 1852 attenuata
864 1813 873 1864 3
887 1787 952 1872 ipse
964 1787 1110 1872 simplicis
1128 1797 1157 1851 et
1173 1788 1270 1872 aperti
1285 1785 1424 1850 hominis

336 1919 493 1981 perannum
524 1898 723 1984 suscipiebat,
754 1906 844 1982 atque
872 1920 905 1962 ea
933 1899 1031 1983 specie
1055 1897 1253 1982 extorquebat
1277 1905 1307 1962 et
1330 1897 1424 1981 quasi

336 2007 494 2072 furabatur
525 2032 689 2073 assensum.
737 2009 775 2073 [n
810 2032 871 2094 quo
902 2010 1058 2074 conamine
1087 2011 1113 2074 si
1136 2008 1265 2073 subinde
1288 2008 1424 2086 defecit,

337 2119 415 2182 nihil
438 2143 510 2184 sane
533 2121 653 2185 mirum.
693 2119 834 2185 Ceterum
857 2121 894 2185 of.
912 2121 1057 2207 Hermog.
1074 2122 1111 2186 de
1127 2121 1209 2186 Ideis
1225 2121 1268 2185 H.
1286 2144 1315 2206 p.
1333 2122 1399 2183 361
1414 2145 1421 2182 :

371 2236 386 2250 u
421 2229 444 2294 δῖ
491 2228 506 2254 ’δ’
567 2233 576 2256 x
612 2232 627 2295 δ
667 2238 690 2254 ,n
786 2232 803 2296 δ
858 2238 872 2252 νυ
922 2231 938 2297 ὅ
1031 2231 1055 2296 δ’
1088 2235 1096 2255 e
1154 2233 1163 2254 ς
1224 2237 1238 2250 u
1361 2231 1367 2254 Ι

235 2291 237 2296 ,
336 2255 387 2296 του
468 2255 506 2295 οου
539 2256 582 2309 μοι
628 2255 754 2303 οκουυτος
803 2254 890 2314 εινου,
936 2256 998 2305 νιος
1078 2257 1114 2304 ως
1143 2233 1254 2307 mantne
1292 2254 1423 2296 τοιουτου

339 2341 572 2422 οιοοροοδείγμοοτοο
590 2380 634 2391 -
653 2342 694 2407 τὰ
716 2348 766 2407 τοῦ
790 2343 897 2408 Λυσίου
920 2340 1111 2424 deditissimo
1130 2367 1174 2414 τις
1193 2341 1229 2407 δον
1248 2339 1289 2406 ὅτι
1306 2340 1420 2406 adven.

338 2450 379 2514 Et
399 2451 490 2536 paulo
510 2458 579 2537 post
597 2474 627 2537 p.
649 2455 730 2516 362:
754 2459 838 2517 οοῖοοο
861 2450 885 2516 δ’
903 2450 941 2517 nd
963 2451 1012 2517 κοοὶ
1031 2461 1083 2526 τῆς
1102 2455 1138 2525 ὡς
1157 2451 1242 2524 ὄντος
1261 2451 1421 2526 δεινότητός

338 2565 399 2628 ἐστι
422 2562 455 2628 τὸ
478 2563 566 2629 δοκεῖν
589 2565 690 2647 οὶφελῆ
712 2589 779 2630 οινοο
802 2568 851 2629 κοοῖ
875 2565 1013 2630 ἁπλοϊκὸν
1035 2563 1214 2646 παρέχεσθαι
1237 2565 1342 2642 λόγον,
1367 2563 1419 2630 aa)

336 2674 423 2738 αὐτόν
456 2698 517 2746 νιος
553 2670 624 2740 εἶνοοι
658 2675 746 2740 δοκεῖν
776 2682 898 2741 τοιοῦτον
929 2679 987 2740 πᾶν
1017 2676 1177 2740 τοῦνοοννῖον
1205 2675 1273 2741 ὄντοο
1302 2700 1337 2740 τε
1366 2675 1418 2742 nai

337 2789 471 2849 ποιοῦντα
502 2785 583 2850 κοινοὶ
612 2785 661 2849 τὸν
690 2783 785 2862 λόγον.
832 2786 923 2849 Dion.
948 2785 985 2849 de
1008 2785 1095 2850 Dem.
1119 2808 1145 2850 o.
1171 2789 1207 2850 2:
1235 2787 1285 2852 ιικὶ
1307 2787 1341 2852 τὸ
1363 2789 1419 2865 μὲν

336 2894 498 2972 βιοὲοοοοθοιι
529 2896 578 2960 κοοὶ
609 2897 850 2977 ποοςοονοινκοὶσοοι
880 2921 907 2961 τι
937 2906 989 2972 τοῖς
1017 2897 1184 2963 Θουκυδίδου
1206 2897 1310 2974 λέξεως
1333 2897 1417 2964 ἴδιον·

337 3008 370 3072 νδ
400 3006 423 3071 δ’
447 3010 601 3082 aeaeae
629 3007 677 3071 κοι)
710 3009 819 3087 κλέψαι
849 3009 890 3073 τοὶ
920 3008 1089 3090 rapotonem
1114 3018 1166 3084 τῆς
1190 3012 1306 3076 Λυοῖου.
1345 3009 1416 3074 Vid.

339 3119 377 3184 ad
400 3141 443 3183 or.
469 3120 520 3181 19.

557 3345 606 3406 De
627 3345 804 3408 obscuritate
825 3348 857 3407 οόι
880 3365 989 3408 caueae
1010 3347 1200 3428 enpombboe.

380 3561 485 3648 Longe
520 3564 629 3628 aooidit
663 3586 749 3628 secus
780 3563 812 3626 in
843 3584 950 3626 causae
981 3563 1178 3647 expositione.
1224 3563 1269 3647 Ee
1299 3586 1417 3649 semper

335 3678 416 3742 olera
446 3685 476 3744 et
505 3677 664 3762 perspieua
696 3698 760 3740 esse
791 3674 896 3753 debet;
928 3674 1014 3739 nulla
1044 3676 1139 3740 oratio
1163 3684 1209 3740 est
1232 3675 1327 3775 bona,
1355 3676 1415 3739 nisi

335 3788 503 3866 indicetur,
528 3789 560 3852 in
583 3810 644 3872 quo
673 3787 763 3851 oardo
792 3787 836 3850 rei
866 3793 1018 3864 vertatur,
1046 3786 1122 3872 quid
1145 3785 1414 3853 demonstrandum

335 3901 383 3964 sit.
430 3901 576 3965 Attamen
598 3899 680 3985 apud
703 3898 826 3985 Lysiam
848 3899 881 3962 in
904 3900 1009 3964 multis
1029 3900 1234 3978 orationibus,
1259 3922 1337 3985 quae
1352 3899 1414 3963 sint

335 4011 434 4097 capita
457 4033 564 4075 causae
588 4010 786 4075 divinandum
809 4009 911 4094 potius
927 4008 1034 4088 datur,
1058 4032 1148 4095 qnam
1166 4012 1336 4095 exponitur.
1364 4008 1413 4073 Ita

334 4123 368 4186 fit
391 4123 483 4186 iniis
507 4121 712 4200 orationibus,
738 4144 815 4206 qnae
838 4121 899 4201 περὶ
924 4121 1061 4200 δημοσίων
1078 4121 1180 4206 (vulgo
1197 4123 1258 4201 περὶ
1275 4121 1411 4198 δημοσίου

333 4233 530 4318 ἀδικημάτων)
562 4233 725 4319 inscriptae
754 4234 1118 4324 exuetere-grammatico
1141 4241 1213 4299 sunt
1238 4233 1410 4318 (lt-19),

223 4362 225 4366 ·
333 4343 366 4406 in
390 4352 513 4429 quarta,
538 4353 661 4421 octava,
682 4365 779 4420 nona,
799 4343 941 4407 vicesima
959 4344 1062 4422 tertia,
1081 4344 1222 4408 vicesima
1237 4344 1365 4428 septima
1381 4350 1411 4406 et

334 4453 453 4520 duabus
483 4455 689 4540 sequentibus.
736 4454 845 4518 Fateor
876 4453 1023 4538 quaedam
1049 4454 1137 4518 nobis
1159 4476 1242 4519 nuno
1265 4454 1408 4530 obseura,
