3126 5210
836 453 900 514 208

323 648 525 734 adscripticiis
560 647 785 734 (decoraturus)
820 670 889 714 raro
925 650 1175 734 permittebatur,
1206 650 1287 735 patri
1310 657 1421 714 tamen

320 781 499 823 concessum
522 758 632 835 fuisse,
651 779 748 842 quum
772 757 838 842 ipse
862 758 986 823 civitate
1009 759 1183 838 donaretur,
1207 767 1244 823 ut
1267 759 1419 824 Nicoma-

322 870 414 933 chum
431 869 493 932 iam
509 867 629 951 aliquot
641 888 737 930 anuos
750 875 857 930 natum
870 867 904 931 in
916 867 1072 952 phratriae
1084 869 1257 954 catalogum
1269 872 1421 948 inferret,

320 980 412 1044 fidem
442 978 516 1043 facit
546 979 564 1062 q
595 979 632 1040 2:
664 975 714 1041 καί
743 971 790 1040 οία
813 976 871 1049 νέος
894 976 931 1042 ὢν
953 975 1035 1051 οὗτος
1057 980 1247 1063 ἐπετήδευσε,
1274 981 1324 1045 καί
1348 981 1423 1046 ὅσα

319 1088 379 1164 ἕσιν
414 1088 570 1165 γεγονὼς
598 1086 648 1158 είς
673 1084 754 1156 τοὺς
777 1084 960 1167 Φροίτεραι
983 1089 1150 1171 είςιίχθιρ,
1174 1089 1249 1154 πολὺ
1272 1089 1310 1154 ἂν
1333 1089 1422 1171 ἔργον

319 1199 362 1274 rin
389 1197 496 1276 λέγειν.
544 1195 605 1259 Vix
629 1196 712 1260 anim
735 1194 793 1259 hoo
816 1197 920 1280 potuit
942 1198 1030 1281 pueri
1053 1206 1107 1262 aut
1130 1198 1333 1264 adolescentis
1357 1223 1424 1263 me·

321 1309 390 1373 ritis
420 1309 454 1372 in
483 1329 549 1371 rem
579 1305 734 1391 publicam
765 1304 878 1370 deberi.
926 1304 998 1370 Non
1026 1307 1136 1372 inutile
1167 1310 1225 1372 erit
1247 1309 1422 1373 contulisse

323 1420 426 1483 locum
458 1417 675 1502 Aristophanis
707 1416 969 1500 elegantissimum
998 1419 1031 1481 in
1061 1418 1139 1484 Rau.
1163 1422 1246 1485 417:
1276 1420 1425 1484 Βούλεσθε

322 1530 397 1604 δῆτα
429 1539 504 1610 κοινῇ
538 1528 708 1608 Σκώψωαεν
736 1527 936 1607 Ἀρχέδημον,
964 1525 1023 1600 Ὃς
1046 1529 1169 1603 ἑπτέτεις
1193 1530 1229 1595 ὢν
1251 1533 1301 1595 οὐκ
1324 1530 1425 1610 ἔφυσε

323 1639 493 1723 φροίσερασρ
523 1636 667 1702 Ceterum
694 1638 731 1701 of.
756 1637 894 1703 Schoem.
923 1639 998 1701 Ant.
1022 1638 1087 1702 Inr.
1112 1639 1203 1704 Publ.
1228 1663 1259 1724 p.
1284 1642 1361 1704 207.
1390 1643 1423 1702 4.

325 1748 551 1814 Nicomachum
581 1747 693 1831 igitur,
723 1747 834 1829 utqui
864 1747 973 1831 populi
995 1747 1142 1812 beneficio
1166 1749 1268 1812 omnia
1291 1749 1423 1814 deberet

323 1861 413 1943 eique
445 1858 533 1942 quasi
560 1859 768 1941 emancipatus
800 1865 896 1935 esset,
928 1857 1059 1935 δημόσιον
1090 1858 1226 1943 appellat
1256 1861 1283 1944 (b
1315 1862 1346 1943 6)
1381 1859 1422 1922 ad

322 1969 577 2034 calumniandum
600 1968 719 2052 vulgari
741 1966 889 2052 loquendi
912 1967 1130 2031 consuetudini
1153 1968 1213 2031 rim
1238 1969 1384 2034 infereus

368 2079 511 2164 Denique
543 2099 604 2162 quo
635 2077 732 2160 magis
763 2083 870 2160 urgeat
902 2084 1004 2140 orator
1032 2077 1159 2142 rationis
1191 2101 1254 2142 non
1277 2079 1421 2143 redditae

324 2190 463 2274 culpam,
498 2188 536 2252 de
560 2189 687 2260 εὐθύναις
711 2209 747 2250 ea
769 2193 890 2265 narrat,
915 2207 994 2270 quae
1017 2208 1080 2251 non
1103 2190 1240 2273 potuerit
1260 2211 1324 2255 non
1347 2212 1424 2254 oon-

321 2301 404 2364 sulto
426 2299 550 2384 fingere.
599 2298 637 2362 Οί
660 2298 713 2374 μὲν
733 2295 836 2376 ἄλλοι,
864 2297 984 2380 iuquit,
1007 2306 1059 2372 τῆς
1084 2299 1179 2363 αὐτῶν
1201 2301 1298 2380 ἀρχῆς
1321 2301 1422 2365 κατὰ

320 2409 546 2491 πρυτανείαν
575 2406 662 2484 λόγον
694 2406 869 2488 ἀναφέρουσι
876 2453 886 2483 ,
914 2406 951 2469 σὺ
974 2405 999 2469 δ’
1022 2402 1043 2470 ὦ
1066 2406 1242 2488 Νικόμαχε,
1264 2410 1326 2474 οὐδὲ
1349 2435 1422 2475 σεσ-

321 2523 413 2603 σοίραν
445 2524 519 2586 ἐπῶν
550 2516 673 2594 ἠξίωσας
701 2517 866 2598 ε’γγροίψαι.
913 2515 1021 2580 ruisse
1044 2525 1233 2582 menstruam
1257 2540 1422 2584 censuram

319 2633 353 2696 in
384 2632 482 2716 prima
514 2631 664 2714 cuiusque
688 2628 845 2713 prytaniae
868 2627 1011 2691 contione
1035 2628 1283 2712 (ἐπιχειροτονίαν)
1306 2637 1421 2694 notum

323 2748 386 2819 ast;
420 2741 473 2805 sed
503 2739 670 2825 rogabatur
700 2746 825 2802 tautum
847 2737 879 2800 in
904 2736 1083 2800 universnm
1105 2738 1240 2821 populus
1263 2761 1338 2802 num
1363 2739 1422 2822 qui

320 2852 520 2935 magistratus
551 2852 583 2914 in
614 2871 741 2914 munere
763 2846 897 2932 gerendo
921 2855 1028 2910 contra
1050 2846 1132 2930 leges
1156 2855 1328 2931 peccasset;
1353 2871 1420 2912 non

321 2962 439 3047 singuli
460 2963 659 3046 magistratus
674 2959 807 3023 rationes
824 2957 955 3035 dabant3
972 2978 1098 3020 munere
1116 2956 1258 3041 deposito
1276 2957 1419 3035 demum,

320 3073 401 3136 intra
434 3072 563 3156 triginta
590 3071 671 3148 dies,
696 3068 829 3132 rationes
852 3066 1015 3130 debebant.
1062 3065 1154 3146 Quod
1178 3067 1204 3130 si
1227 3066 1314 3131 lubet
1337 3068 1421 3132 hanc

320 3181 544 3263 ἐπιχειροτονίαν
567 3179 668 3244 dicere
691 3178 827 3255 εὐθύνας,
852 3175 958 3240 eodem
973 3175 1038 3238 inre
1054 3174 1263 3240 Nicomachus
1280 3177 1418 3241 rationes

322 3292 430 3374 quavis
455 3291 595 3376 prytanio
618 3288 737 3352 dedisse
760 3286 821 3350 dici
841 3291 975 3368 poterat,
1001 3306 1063 3369 quo
1079 3284 1192 3369 reliqui
1207 3286 1418 3369 magistratus.

322 3402 424 3467 Verba
455 3402 584 3467 oratoris
615 3401 651 3484 (οἱ
685 3400 738 3476 μὲν
769 3395 879 3480 ἄλλοι)
898 3397 942 3458 ita
964 3395 1133 3479 generatim
1158 3395 1355 3473 dictasunt,
1381 3403 1419 3459 ut

320 3513 481 3578 manifesto
504 3511 581 3575 falsa
603 3508 719 3584 tradat,
744 3513 775 3571 at
798 3503 940 3569 consulto
964 3503 1106 3587 quidem,
1131 3505 1279 3589 quoniam
1298 3506 1417 3569 nemini

319 3623 452 3686 Athenis
483 3622 516 3685 in
547 3643 579 3684 re
609 3616 734 3704 publica
764 3615 812 3678 rel
842 3613 961 3677 modice
990 3618 1127 3690 versate,
1160 3613 1276 3677 nedum
1299 3616 1415 3680 oratori

318 3733 427 3816 ignota
450 3731 553 3816 potuit
575 3752 622 3794 res
642 3749 716 3792 esse.
751 3725 784 3788 Si
807 3724 935 3800 fuerint,
960 3722 1138 3806 qui.quovis
1162 3746 1266 3788 mense
1281 3726 1416 3789 rationes

320 3843 399 3928 gesti
421 3841 559 3906 muneris
582 3839 664 3924 apud
688 3844 831 3924 prytanes
855 3833 1055 3918 deposuerint
1071 3835 1275 3918 (ἐγγράφειν),
1292 3855 1419 3899 consen-

321 3960 446 4018 taneum
477 3959 523 4016 est
546 3950 640 4014 fnisse
664 3970 732 4026 eos,
757 3946 812 4030 qui
834 3943 982 4029 pecuniae
1006 3942 1303 4008 administrationem
1326 3943 1418 4008 habe·

318 4070 404 4141 rent,
429 4062 482 4127 sed
505 4061 543 4125 ad
573 4061 631 4124 bos
653 4054 861 4122 Nicomachus
884 4075 946 4116 uon
969 4052 1152 4136 pertinebat.

362 4173 450 4253 Quae
485 4171 575 4235 attuli
605 4174 787 4253 exaggerata
817 4171 849 4228 et
872 4186 889 4226 a
912 4183 983 4226 vero
1007 4161 1144 4239 detorta,
1169 4171 1289 4238 tamen,
1315 4184 1413 4246 quum

318 4285 412 4368 culpa
434 4283 479 4347 rei
501 4281 539 4344 iis
563 4287 729 4364 augeatur,
751 4273 901 4340 eiusmodi
925 4293 990 4335 esse
1013 4270 1166 4349 videntur,
1196 4280 1233 4335 ut
1256 4278 1416 4336 accusator

318 4393 527 4459 calumniandi
558 4389 661 4455 studio
690 4393 792 4451 motus
829 4384 929 4448 dicere
968 4381 1112 4466 potuerit.
1161 4379 1251 4444 cauti
1287 4380 1412 4464 quidem
