3074 5210
838 487 899 550 102

322 685 419 753 αὐτοῖς
449 681 600 761 ἐπιτιμίοις
629 681 697 766 ᾤετο
727 685 783 750 δείν
814 686 963 766 ἐνέχεσθαι
994 684 1043 753 τίν
1068 689 1265 770 ἀστροίτευτον
1286 692 1336 758 καί
1359 693 1410 760 πδν

321 793 481 859 λελοιπότα
507 797 559 871 τὴν
586 793 669 872 τάξιν
692 795 740 860 καί
763 796 811 860 τὸν
834 796 924 862 δειλὸν
947 798 1059 884 ὁμοίιος)
1081 800 1141 864 tria
1164 801 1328 888 distinguit
1352 805 1406 869 cri-

320 903 420 981 mina3
445 926 522 988 qnae
545 907 639 991 paulo
662 914 732 992 post
755 906 815 970 alio
838 917 974 972 recenset
997 910 1121 976 ordine:
1144 912 1193 977 τὸν
1210 913 1406 994 ἀστράτευτον

320 1013 370 1079 καί
400 1015 449 1080 τὸν
478 1016 568 1082 δειλὸν
591 1017 640 1082 καὶ
662 1017 712 1084 τὸν
733 1019 859 1084 λιπόντα
880 1021 932 1094 τὴν
954 1020 1048 1098 πάξιν.
1092 1023 1403 1094 temnentia:

320 1125 416 1191 δπίσοι
442 1127 550 1193 λίποιεν
577 1131 630 1203 τὴν
652 1127 749 1208 ποίξιν,
773 1129 791 1206 ἢ
814 1131 993 1211 ἀστρατείας
1016 1132 1033 1210 ἢ
1054 1134 1162 1208 δειλίας
1179 1136 1195 1212 ἢ
1210 1138 1403 1219 ἀναυμαχίου

316 1235 445 1319 ὄφλοιεν,
470 1237 487 1313 ἢ
510 1240 562 1308 τὴν
584 1239 698 1303 ἀσπιδα
715 1237 904 1318 ἀποβοίλοιεν.
936 1240 996 1306 Sed
1018 1243 1051 1307 in
1074 1244 1122 1308 his
1144 1244 1297 1314 rhetorica
1314 1272 1404 1335 quae·
1516 1328 1518 1340 1

317 1347 387 1412 dam
421 1348 543 1421 δείνιοσις
578 1355 623 1412 est
630 1375 640 1427 3
676 1349 778 1413 omnia
813 1350 894 1414 enim
928 1350 967 1414 ad
1001 1351 1064 1418 duo
1096 1355 1151 1420 illa
1186 1359 1287 1443 capita
1320 1382 1403 1426 revo

316 1459 414 1522 canda
444 1467 532 1539 sunt,
565 1482 695 1546 quorum
723 1461 808 1546 prius
832 1462 1018 1546 (ἀστρατεία)
1042 1466 1255 1551 complectitur
1278 1472 1403 1557 eosqui

316 1571 440 1634 nomina
474 1593 536 1634 non
571 1570 662 1648 dant3
699 1555 829 1634 alterum
860 1572 974 1658 (δειλία)
1006 1596 1057 1638 eos
1081 1577 1135 1660 qui
1156 1579 1299 1644 militiam
1322 1582 1404 1648 dese-

316 1688 388 1746 runt
395 1708 404 1759 ;
435 1679 606 1757 λιποταξίου
637 1703 747 1746 nomen
771 1682 911 1766 generale
935 1694 981 1747 est
1004 1692 1035 1749 et
1058 1708 1218 1753 commune
1241 1691 1403 1776 utriusque

315 1792 460 1857 criminis.
499 1791 608 1877 Itaque
629 1813 699 1855 oum
715 1793 877 1875 ἀστρατείοι
892 1794 1087 1879 componitur
1103 1820 1121 1861 a
1135 1797 1279 1884 Lycurgo
1293 1801 1401 1867 Leocr.

314 1904 426 1989 §1472
449 1901 617 1979 λιποταξίου
640 1901 669 1966 δὲ
691 1902 741 1967 καὶ
760 1905 937 1985 ἀστρατείας
957 1907 988 1970 οὐ
1007 1911 1171 1989 παρασχὼν
1191 1913 1225 1978 τὸ
1240 1917 1328 1990 σῶμα
1346 1913 1401 1979 τά-

314 2014 365 2092 ξαι
387 2022 447 2087 τοῖς
470 2020 654 2096 στρατηγοῖς.
701 2013 744 2078 Et
766 2013 804 2077 de
827 2013 947 2079 deserta
969 2016 1079 2081 militia
1102 2021 1223 2104 saepius
1248 2030 1294 2087 est
1317 2022 1400 2109 apud

313 2125 402 2190 Dem.
434 2125 466 2190 in
494 2124 633 2188 Midiana
654 2123 750 2188 veluti
772 2126 789 2210 d
814 2126 876 2189 164
901 2126 955 2191 nbi
977 2127 1108 2207 Midiae,
1133 2131 1187 2215 qui
1209 2135 1281 2198 navi
1304 2133 1399 2199 simul

314 2238 484 2323 praefectus
516 2242 546 2300 et
577 2234 762 2320 hipparchus
794 2243 875 2314 erat,
904 2237 1027 2318 obiicit,
1052 2240 1136 2324 quod
1160 2239 1198 2306 ea
1217 2252 1302 2329 parte
1326 2246 1400 2311 belli

315 2325 433 2433 semper
466 2345 635 2424 militabat,
672 2343 725 2409 ubi
758 2345 859 2410 minus
890 2354 955 2411 erat
984 2350 1165 2434 periculum.
1212 2354 1262 2418 Ad
1292 2356 1402 2422 δειλίαν

314 2459 446 2545 pertinet
469 2458 502 2522 τὸ
524 2457 665 2539 ῥίψασπιν
686 2452 768 2523 εἶναι.
815 2456 864 2521 Sic
888 2459 1055 2524 Aeschines
1079 2462 1112 2525 in
1132 2463 1309 2530 Timarchea
1325 2470 1342 2554 t
1357 2470 1398 2530 29

314 2573 365 2645 τὴν
385 2569 561 2651 ἀστρατείαν
585 2589 739 2653 exponens
762 2567 861 2633 verbis
883 2569 924 2634 τά
947 2568 1028 2636 ὅπλα
1050 2574 1092 2651 μίρ
1115 2575 1239 2641 τίίεσίιιι
1259 2577 1328 2658 ὑπὲρ
1348 2586 1400 2654 τῆς

313 2680 442 2765 πόλεως,
473 2701 529 2766 pro
559 2679 611 2753 τὴν
640 2678 754 2744 ἀσπιδα
780 2680 1021 2758 ἀποβεβληκέναι
1045 2688 1192 2767 tanquam
1214 2687 1400 2767 ἰσοδυναμοῦν

314 2791 491 2856 substituit:
516 2790 563 2855 διά
585 2789 692 2854 δειλίαν
711 2790 754 2868 μὴ
773 2788 892 2856 δυνατὸν
908 2787 979 2856 εἶναι
997 2794 1156 2873 ἐπαμῦναι.
1192 2796 1399 2880 Ἀναυμαχίου

313 2902 396 2967 idem
419 2901 512 2966 fuisse
534 2901 566 2964 in
590 2899 702 2964 militia
724 2899 825 2963 navali
849 2899 933 2983 quod
954 2902 1117 2984 ἀστρατεία
1139 2905 1200 2969 fuit
1214 2907 1247 2970 in
1263 2908 1399 2974 terrestri

314 3019 448 3100 apparet.
494 3010 606 3075 Omnia
636 3011 732 3096 igitur
762 3033 840 3095 quae
871 3013 1065 3078 constituunt
1086 3017 1252 3095 λιποτοίξιον
1275 3019 1313 3084 ab
1339 3020 1399 3084 An-

313 3125 421 3191 dooide
447 3131 681 3188 commemorata
703 3122 742 3186 ad
765 3123 949 3188 alterutrum
972 3132 1064 3210 caput
1087 3129 1252 3212 pertinent.
1291 3129 1332 3195 Et
1355 3131 1398 3195 sic

313 3239 436 3303 demum
458 3235 566 3320 Lysias
590 3236 607 3320 d
631 3236 648 3300 7
674 3233 773 3300 dicere
796 3234 900 3319 potuit
922 3235 1115 3302 Alcibiadem
1138 3239 1239 3304 solum
1262 3243 1398 3306 omnium

312 3346 564 3424 Atheniensium,
597 3367 694 3430 quum
726 3345 903 3424 ἀστρατείας
934 3352 964 3409 et
988 3346 1095 3420 δειλίας
1119 3357 1223 3437 posset
1246 3353 1398 3430 accusari,

312 3467 419 3527 contra
441 3465 530 3526 totum
553 3456 652 3542 legem
675 3475 825 3541 peccasse.
864 3455 962 3521 Nulla
977 3457 1074 3542 igitur
1090 3483 1181 3526 causa
1198 3469 1244 3527 est
1260 3471 1398 3529 curcum
1495 3501 1497 3507 2

311 3573 435 3639 librario
467 3569 533 3635 cod.
564 3567 598 3634 Ο.
626 3567 795 3645 λιποταξίου
823 3569 1011 3634 mentionem
1033 3571 1145 3637 iterum
1168 3575 1185 3658 d
1210 3577 1226 3640 7
1252 3574 1398 3640 desidere-

311 3706 398 3762 mus,
430 3681 485 3746 ubi
512 3701 609 3764 quum
637 3679 670 3743 in
700 3675 731 3741 X
761 3678 816 3742 sit:
848 3679 1026 3760 ἀστρατείας
1055 3683 1108 3761 μὲν
1138 3685 1199 3765 γάρ
1225 3684 1397 3759 tractactu

312 3795 400 3861 αὐτὸν
418 3795 527 3859 ἀλῶναι
547 3790 590 3856 ίτι
609 3789 623 3856 ὃ
642 3789 863 3867 καταλίγεις
882 3791 896 3854 ί
916 3791 1033 3873 πατήρ
1051 3795 1101 3857 οὐκ
1117 3792 1218 3870 ἐξῆλθε
1234 3796 1297 3872 μεθ’
1310 3798 1394 3875 ὑμῶν,

310 3895 536 3971 Laurentianus
565 3901 589 3966 O
617 3901 702 3966 dedit
724 3904 755 3966 οὐ
777 3901 942 3984 κατελὲγρ,
965 3902 1152 3978 λειποταξίου
1174 3904 1203 3968 δὲ
1225 3902 1286 3991 ὅτι,
1310 3906 1395 3971 nimi-

309 4043 378 4084 rum
401 4016 485 4102 quod
507 4015 667 4100 inscriptio
690 4011 875 4089 λειποταξίου
897 4012 1024 4079 haberet
1045 4014 1139 4100 idque
1162 4015 1318 4081 commode
1341 4036 1394 4102 pro

310 4129 462 4215 corruptis
490 4127 639 4192 substitui
667 4148 756 4210 posse
783 4123 946 4189 videretur.
994 4125 1053 4190 sed
1081 4127 1201 4212 egregie
1224 4127 1393 4213 Stephanus

309 4240 481 4306 emendavit
497 4238 686 4303 Palatinum:
706 4235 749 4302 dcc
764 4236 946 4314 καταλεγεὶς
964 4236 1098 4313 ίπλίπιρς.
1132 4236 1214 4303 Nam
1232 4247 1392 4305 ΟΠΑΤΗΡ

306 4356 339 4416 et
363 4361 548 4418 ΟΠΛΙΤ-ΗΣ
570 4349 621 4414 vix
644 4350 725 4413 inter
747 4369 779 4412 se
798 4347 953 4412 differunt.
994 4348 1099 4412 Minus
1118 4349 1247 4415 feliciter
1266 4347 1391 4414 correxit

307 4463 387 4528 idem
419 4464 509 4528 finem
541 4464 557 4546 d
587 4463 616 4540 ί,
648 4461 702 4526 ubi
733 4460 762 4524 Χ
790 4459 897 4525 habet:
928 4458 1036 4533 δειλίας
1066 4459 1112 4542 δέ,
1142 4458 1184 4528 ίτι
1208 4461 1253 4526 δεῖ
1271 4460 1389 4528 ἕκαστον
