3126 5210
689 406 750 467 199

171 599 360 664 Rectissime.
406 599 529 664 Transit
552 601 778 666 constructio.”
823 601 955 666 Videtur
977 603 1085 683 οἱφίετε
1109 624 1165 687 pro
1189 603 1266 668 iudi·

171 709 272 772 cativo
302 709 445 774 habuisse
476 719 506 774 et
536 711 678 776 retulisse
707 712 809 776 locum
841 711 881 776 ad
912 711 996 777 illam
1019 712 1200 777 brevitatem
1223 713 1266 777 lo-

171 820 302 900 quendi,
336 843 398 905 qua
427 821 554 886 verbum
588 844 651 905 quo
675 823 809 907 pertinet
830 824 874 902 μή
897 821 1112 908 supprimitur,
1137 823 1265 908 eiusque

169 929 256 992 notio
283 952 319 993 ex
344 932 544 1012 sequentibus
567 931 734 1016 repetenda
757 941 812 996 ert.
860 931 946 996 Infra
969 935 1022 996 31.
1048 935 1086 996 9:
1115 935 1146 998 οὐ
1173 937 1265 998 τοίνυν

171 1037 230 1100 οὐδ’
250 1037 343 1120 ι’ίοτερ
367 1040 432 1104 ἔνιοί
456 1043 559 1125 [τινες]
584 1047 640 1106 τῶν
663 1047 787 1106 πολιτῶν
810 1041 1031 1124 μετεβάλοντο,
1060 1043 1159 1113 ἐπειδὴ
1177 1042 1265 1120 ἑώρων

171 1146 237 1218 τοὺς
263 1148 323 1210 απὸ
351 1158 449 1223 Φυλῆς
474 1151 503 1214 ἐν
525 1145 565 1222 οίς
587 1149 730 1231 ἔπραττον
753 1153 971 1234 εὐτυχοῦντος,
996 1152 1017 1216 i.
1042 1173 1067 1215 e.
1093 1152 1155 1217 οὐδὲ
1177 1176 1264 1228 μετε-

171 1254 300 1333 βιίλετο,
324 1255 419 1338 ὥσπερ
444 1259 505 1324 ἔνιοι
529 1260 676 1335 ε’τοίνοαν.
725 1260 804 1324 Plat.
830 1260 933 1346 Symp.
962 1263 1033 1326 179.
1056 1260 1102 1324 E:
1127 1263 1264 1337 ἐποίησαν

172 1366 219 1429 τὸν
241 1366 363 1430 ίοίυατον
386 1371 475 1433 αὐτοῦ
500 1369 554 1432 ὑπὸ
577 1377 720 1446 γυναιιαῖιυ
744 1371 896 1448 γενίοίαι,
920 1373 979 1450 οὐχ
1001 1368 1095 1449 ὥσπερ
1113 1371 1265 1451 Ἀχιλλέα

172 1472 219 1538 τίν
240 1485 292 1550 τῆς
317 1475 433 1548 Θέτιδος
457 1476 515 1541 νίὸυ
538 1478 699 1561 ε’τίριιιοαν,
720 1480 742 1543 i.
761 1501 786 1543 e.
807 1482 856 1545 οὐκ
871 1479 1032 1556 ἐτίμησαν,
1049 1481 1085 1550 ὥς
1101 1479 1263 1560 Ἀχιλλέα.

173 1585 266 1652 'Phua
281 1586 355 1651 VH.
379 1591 431 1650 44.
454 1590 491 1651 3:
516 1589 603 1667 ἑιίρωυ
626 1587 650 1652 δ’
676 1587 764 1662 οὕτως
786 1591 934 1666 ἀλλήλους
956 1592 993 1661 ὥς
1012 1591 1041 1654 ἐν
1063 1589 1169 1669 οελιίνρ
1190 1588 1263 1660 εἰκὸς

174 1697 220 1770 τὴν
249 1699 303 1770 μὲν
329 1695 394 1776 ὄψιν
425 1701 475 1762 τοῦ
506 1697 643 1771 σώματος
670 1703 807 1779 τροοροῖν,
834 1699 939 1776 rhodi
962 1703 1140 1776 arbritrari
1163 1699 1263 1763 οίκείου

176 1807 374 1890 οίτιοτεῖσίαι,
404 1807 459 1870 ubi
489 1806 562 1878 εἰκός
593 1808 686 1871 traxit
717 1807 756 1870 ad
784 1829 816 1870 se
847 1829 926 1890 quae
949 1807 1155 1872 eonstmenda
1177 1815 1264 1872 crant

174 1937 239 1980 cum
259 1918 348 1993 ἑώρων
370 1914 474 1998 οὕτως,
498 1938 608 2000 nempe
630 1916 705 1982 diora
729 1919 849 1997 τροοροῖυ
872 1915 944 1999 μέν,
964 1916 1150 1980 ἀπιστεῖσθαι
1166 1916 1196 1982 δὲ
1210 1919 1263 1992 τὴν

172 2035 280 2102 γνῶσιν.
316 2028 411 2090 Arist.
443 2027 523 2111 Equ.
556 2030 636 2094 783:
661 2031 692 2093 οὐ
718 2027 860 2110 Φροντίζει
890 2034 1017 2107 σκληρῶς
1044 2052 1078 2091 οε
1104 2028 1262 2104 καθήμενα

171 2134 267 2216 οὕτως,
292 2141 350 2217 οὐχ
372 2136 465 2217 ὥσπερ
488 2139 546 2214 ἐγὼ
569 2138 738 2219 ῥαψάμενός
761 2161 803 2202 σοι
826 2136 906 2202 τουτί
928 2138 1006 2218 φέροι
1030 2137 1051 2200 i.
1076 2159 1102 2200 e.
1127 2137 1189 2202 οὐδὲ
1205 2138 1260 2218 Φέ-

170 2270 224 2325 ρει,
248 2245 343 2325 ὥσπερ
365 2248 423 2324 ἐγὼ
447 2254 526 2312 τοιῶ.
573 2247 720 2311 Similiter
743 2246 849 2311 Livius
872 2253 953 2312 sicut
974 2246 1028 2310 lib.
1053 2245 1173 2311 XXIV.
1198 2249 1258 2310 25:

170 2363 220 2432 „et
247 2378 309 2419 non
336 2357 429 2420 ferme
453 2356 566 2420 desunt
588 2357 702 2420 irarum
725 2356 920 2440 indulgentes
943 2356 1086 2420 ministri.
1107 2393 1152 2403 -
1173 2354 1260 2418 Siout

169 2473 256 2539 „tum
270 2465 423 2549 extemplo
440 2473 593 2550 praetores
608 2466 799 2549 rogationem
815 2465 1074 2550 promulgarunt”
1089 2488 1145 2550 pro
1157 2465 1259 2544 „siout

169 2582 256 2650 „tum
279 2583 451 2658 praetores,
476 2577 531 2659 qui
546 2577 813 2662 promulganmt.”
843 2575 959 2640 XLIV.
977 2579 1038 2655 41,
1056 2575 1108 2640 ubi
1126 2575 1259 2660 phalanx

169 2682 366 2748 describiturz
390 2686 440 2763 „si
461 2724 506 2734 -
530 2686 567 2750 ab
590 2687 684 2751 latere
707 2725 753 2736 -
775 2687 930 2752 tumultus
948 2724 994 2735 -
1014 2687 1182 2770 increpuit,
1198 2687 1260 2750 rui·

168 2816 244 2869 „nae
273 2793 366 2857 modo
390 2795 570 2872 turbantur,
595 2796 676 2860 siout
698 2803 765 2860 tum
789 2796 934 2860 adversus
957 2796 1136 2860 catervatim
1159 2795 1260 2860 incur-

166 2910 288 2980 „rentes
319 2903 472 2967 Romanos
496 2943 541 2953 —-
564 2905 686 2970 obviam
716 2907 761 2970 ire
791 2905 980 2990 cogebantur
988 2905 1018 2983 ,”
1050 2927 1122 2989 pro:
1154 2906 1258 2983 „sicut

166 3022 253 3089 „tum
285 3013 507 3093 turbabantur,
539 3016 615 3079 dum
638 3015 759 3079 obviam
782 3015 826 3078 ire
850 3014 1035 3098 coguntur.”
1081 3013 1141 3078 sed
1163 3021 1200 3077 ut
1214 3038 1258 3079 re·

166 3123 253 3187 deam
276 3123 315 3187 ad
338 3124 477 3209 Lysiam,
503 3127 547 3189 sic
570 3124 717 3203 εἰθισμένοι
741 3126 808 3190 εὀτέ
832 3124 937 3188 abesse
960 3123 1109 3202 debebat,
1134 3130 1165 3188 ct
1188 3147 1258 3188 con-

164 3234 320 3298 iunctivus
351 3236 457 3299 coristi
486 3234 663 3312 ἐξελέγξητε
693 3257 756 3299 non
783 3240 874 3318 aptus
898 3234 993 3311 foret,
1019 3234 1073 3316 qui
1096 3233 1257 3296 manifesto

165 3343 268 3422 docet,
301 3344 339 3408 de
367 3367 399 3408 re
427 3345 556 3410 instanti
579 3366 750 3409 sermonem
773 3366 848 3408 esse.
883 3344 944 3407 Pro
968 3345 1033 3415 τούς
1057 3343 1116 3426 leg.
1140 3343 1255 3415 αὐτούς.

208 3453 367 3538 Epicrates
383 3461 570 3517 memoratur
582 3477 600 3518 a
612 3454 819 3518 Demosthene
833 3453 870 3516 de
883 3453 950 3516 fals.
964 3453 1023 3537 leg.
1036 3454 1053 3537 p
1066 3453 1253 3519 att-280.

164 3563 336 3628 Damnatus
361 3571 408 3628 est
431 3585 501 3629 oum
525 3565 615 3629 sociis
639 3564 803 3648 legationis
826 3570 943 3640 morte,
969 3563 1054 3649 quod
1077 3564 1154 3627 falsa
1176 3571 1256 3627 retu·

163 3673 287 3750 lissent,
325 3675 423 3736 socios
458 3696 512 3758 per
547 3673 731 3738 calumniam
764 3680 958 3738 accusassent
989 3672 1254 3756 (κατεψεύσαντο),

164 3782 245 3847 dona
268 3785 466 3868 accepissent.
515 3784 561 3847 Ea
584 3785 737 3848 accusatio
762 3783 864 3846 multo
888 3790 959 3847 ante
980 3805 1006 3846 a.
1025 3785 1106 3859 346,
1125 3804 1187 3866 quo
1204 3782 1257 3845 ha-

165 3893 228 3956 hita
250 3899 297 3956 est
327 3894 424 3957 oratio
452 3894 515 3975 περὶ
548 3893 811 3974 παραπρεσβείας,
843 3893 924 3956 facta
953 3899 1031 3969 erat3
1063 3892 1186 3975 §2772
1218 3893 1255 3963 ὠς

164 4005 220 4078 ἐγὼ
250 4007 305 4066 τῶν
338 4003 537 4083 πρεσβυτέραν
560 4004 664 4069 οίκοιίυ.
690 4006 772 4066 280:
796 4003 821 4066 οί
846 3997 875 4066 δέ
897 4025 972 4074 τινες
996 4004 1090 4066 αὐτῶν
1114 4001 1181 4084 (τῶν
1203 4024 1255 4064 αα-

164 4111 367 4190 ταγνροιίντυν
387 4112 590 4197 Ἐπικράτους)
614 4112 655 4177 ἔτι
681 4113 793 4193 ζῶντες.
818 4151 863 4162 -
885 4111 1043 4198 Epicrates
1067 4112 1132 4196 ipse
1156 4133 1173 4174 a
1196 4109 1256 4174 De-

165 4216 324 4286 mosthenb
347 4222 460 4287 dicitur
483 4225 510 4309 (p
534 4225 610 4307 att)
633 4224 702 4302 ανὴρ
729 4223 882 4294 σπουδαῖος
909 4223 959 4287 καί
987 4222 1088 4288 πολλοὶ
1109 4223 1253 4302 χρήσιμος

165 4341 204 4414 τῇ
237 4332 320 4398 τίλει
352 4333 400 4398 καί
432 4340 488 4398 τῶν
519 4335 552 4398 ἐκ
581 4338 719 4414 Πειραιῶς
742 4332 978 4411 καταγαγόντων
1001 4332 1049 4397 τὸν
1072 4331 1179 4410 δῆμον,
1204 4330 1253 4395 καί
