3126 5210
662 476 725 536 ala

144 695 203 744 σοις
234 674 392 752 φοιίνετοοι,
425 673 527 757 ipsum
559 673 647 736 illum
679 672 846 762 populum,
881 694 898 735 a
929 694 990 755 quo
1015 669 1189 755 perieulum
1212 668 1240 732 ei

146 783 342 866 imminebat,
368 783 474 860 eiecit,
499 805 561 846 non
586 805 603 844 a
628 782 742 867 populo
767 782 930 846 damnatus
954 791 1017 858 eat,
1035 781 1087 844 sed
1106 779 1240 865 populus

147 896 185 958 ab
223 895 291 978 ipso
324 893 450 956 ciectus.
499 891 545 954 Ex
576 891 691 955 Dobrei
724 913 815 955 aenan
839 890 930 976 friget
954 892 1111 971 κρίνεσθοιι,
1136 910 1239 952 verum

148 1004 259 1068 fortius
291 1001 477 1066 vocabulum
508 1025 593 1066 nune
623 1023 685 1066 non
718 1001 901 1085 requiritur,
934 999 1084 1085 oppositis
1112 997 1166 1065 ὑπὸ
1190 1004 1241 1064 τοῦ

148 1115 239 1191 δύμον
263 1119 295 1178 et
317 1111 366 1176 τὸν
390 1111 487 1190 δῆμον.

194 1226 211 1308 p
233 1225 286 1288 31.
333 1224 396 1302 περὶ
417 1223 471 1299 μὲν
488 1221 619 1287 τούτων
637 1259 678 1270 -·-
696 1220 759 1299 περὶ
781 1221 811 1285 δὲ
829 1227 885 1286 τῶν
902 1219 1139 1298 ἕξοιιτησομθνων.
1163 1219 1238 1305 Leg.

149 1334 269 1399 τουτουί.
318 1333 413 1398 Porro
444 1332 516 1404 τινὲς
548 1332 598 1396 κού
625 1337 681 1396 τῶν
713 1330 809 1408 Φίλων
839 1331 888 1395 κού
911 1337 968 1397 τῶν
990 1331 1031 1396 τύι
1054 1339 1107 1406 τῆς
1130 1331 1242 1403 πόλεως

149 1445 336 1523 πραττόντων
364 1444 408 1508 aic
438 1443 568 1520 dicitnr,
604 1464 638 1506 ac
666 1441 691 1505 si
715 1441 778 1505 duo
802 1441 922 1506 diversa
945 1441 1106 1505 hominum
1130 1463 1243 1524 genera

150 1555 372 1639 intellegantur
397 1555 460 1636 (κοιί
474 1591 520 1603 -—-
534 1555 607 1637 κού).
655 1552 796 1616 Fortasse
827 1551 1047 1632 πιπρασκόντων
1077 1551 1243 1636 legendum

152 1687 207 1751 pro
232 1665 433 1744 Ιπροοττθντων.
480 1665 596 1729 Partim
634 1665 787 1728 amicitiae
818 1685 927 1740 eausa,
962 1664 1072 1748 partim
1108 1665 1241 1748 corrupti

150 1776 282 1861 pecnnia
305 1775 558 1859 deprecabantur.

196 1888 289 1969 §32.
337 1885 519 1971 Suspicatnr
550 1885 693 1949 Dobrens
725 1884 891 1969 legendnm
921 1907 1003 1948 csse:
1028 1883 1128 1964 δεινόν,
1152 1920 1197 1932 -
1220 1883 1243 1947 εἰ

152 1997 254 2060 τούτου
284 1997 337 2071 μὲν
360 1996 418 2067 ἑνὸς
441 1995 519 2066 ύντος
543 1995 593 2059 κού
617 1995 693 2060 οὐδὲν
718 1995 772 2059 ὑπὸ
796 2003 849 2070 τῆς
873 1995 983 2066 πόλεως
1005 1994 1171 2071 ἠδικημένου
1193 1996 1244 2058 οὐκ

154 2107 348 2187 ἐπιχείρησον
372 2113 501 2170 πεῖσοοι
528 2109 564 2177 ὥς
590 2107 649 2187 χρη
677 2107 847 2170 ποιύσοισθοιι
871 2108 911 2178 είς
935 2107 1013 2182 ὑμᾶς
1034 2102 1244 2184 ἐξοιωοιρτοίνον-

153 2241 209 2292 τοι,
235 2219 315 2294 ὑμᾶς
338 2217 367 2281 δὲ
390 2217 541 2288 τοσούτους
563 2217 648 2288 θντοις
672 2218 721 2282 uxi
743 2217 923 2294 ἠδικημένους
948 2216 1003 2280 ὑπὸ
1026 2216 1129 2281 τούτου
1144 2215 1243 2296 ζητοῦ-

154 2352 216 2405 σιν,
249 2330 286 2399 ὥς
317 2331 348 2393 ού
375 2329 433 2409 χρη
464 2329 541 2403 δίκην
565 2328 635 2409 ποιρ’
659 2331 749 2393 οιύτοῦ
773 2328 957 2406 λοιμβοίνων,
981 2329 1024 2393 ita
1047 2335 1084 2392 ut
1107 2333 1177 2412 post
1200 2325 1245 2406 ζη-

154 2443 251 2502 τοῦσιν
274 2460 311 2501 ex
334 2437 545 2523 superioribus
569 2437 768 2522 intellegatur
790 2445 900 2502 πείσαι.
941 2437 1001 2502 Sed
1024 2446 1091 2501 tum
1115 2435 1246 2516 ζητοῦσιν

155 2541 215 2610 alio
246 2547 314 2611 loco
343 2555 564 2632 exspectarem,
591 2547 685 2612 veluti
709 2555 778 2632 post
802 2549 881 2626 ὑμᾶς
905 2548 943 2612 δέ.
991 2547 1151 2612 'Praeterea
1174 2546 1244 2609 coll.

155 2658 187 2720 in
212 2656 315 2721 Alcib:
336 2656 363 2720 I.
388 2659 455 2741 (14)
480 2661 536 2721 20:
562 2657 632 2733 οίξιιῖι
652 2659 676 2722 δ’
700 2654 838 2738 ύύνδρες
861 2659 1000 2723 δικωστοιί
1021 2696 1066 2708 -
1086 2657 1246 2738 θρνίζεσθοοι

154 2764 198 2832 ύτι
220 2767 323 2832 τούτου
346 2767 400 2842 μὲν
423 2771 473 2832 οὐκ
496 2769 690 2849 ἐπεχείρησαν
715 2767 845 2843 δεηθῆνοιι
869 2806 915 2818 -—-
939 2777 1027 2833 ποιεῖν
1050 2769 1091 2834 τοὶ
1115 2767 1170 2830 ύπδ
1193 2776 1246 2841 τῆς

156 2878 267 2949 πόλεως
295 2877 553 2960 προςτοιπτθμενοο,
583 2878 662 2955 ύμῖος
695 2878 724 2943 δὲ
752 2879 859 2942 πείθειν
890 2884 1041 2958 πειρῶνται
1070 2881 1107 2950 ὡς
1134 2880 1165 2943 ού
1187 2879 1246 2958 χρὴ

156 2987 238 3066 πιιρύι
268 2991 324 3050 τῶν
353 2984 524 3052 ἀδικούντων
556 2988 633 3061 δίκην
663 2989 833 3066 λοιριβοίνειν
863 2989 956 3053 lectio
980 2992 1030 3054 οὐκ
1053 2989 1247 3069 ἐπιχείρησον

156 3097 263 3161 δεῖσθοιι
284 3096 340 3179 (ita
359 3096 440 3160 enim
462 3097 565 3182 codd.)
586 3104 617 3161 et
636 3099 812 3164 coniectura
831 3098 945 3179 ζητοῦσι
967 3099 1099 3163 πείθειν
1118 3101 1154 3169 ὡς
1173 3098 1247 3161 satis

160 3206 303 3291 praesidii
338 3207 463 3272 habent.
510 3208 549 3298 In
591 3209 722 3274 lectione
758 3209 882 3274 Scheibi
916 3210 1012 3295 igitur
1045 3213 1081 3281 ὦς
1104 3210 1163 3290 χρη
1181 3216 1251 3294 post

156 3319 264 3382 δεῖσθυι
287 3324 334 3380 est
357 3317 581 3396 omittendum
609 3318 728 3404 reliqua
751 3326 832 3384 recte
857 3343 887 3383 se
911 3319 1034 3384 habent.
1081 3318 1132 3383 Sic
1155 3319 1247 3382 etiarn

158 3427 304 3492 Gobetns.
351 3426 550 3493 Conveniunt
580 3451 657 3514 quae
690 3430 741 3494 bic
772 3430 919 3515 leguntur
947 3453 1009 3494 non
1034 3438 1154 3494 tantum
1179 3452 1247 3493 cnm

159 3538 306 3600 orationis
331 3539 362 3601 in
387 3538 579 3603 Alcibiadem
603 3540 623 3602 l.
648 3538 688 3616 l.,
713 3539 767 3604 sed
792 3540 882 3604 etiam
907 3562 975 3604 cum
999 3539 1138 3624 proxima
1157 3540 1249 3623 (κοντοὶ

159 3648 299 3722 Φίλωνος,
325 3650 399 3731 31),
424 3651 443 3736 Q
464 3651 523 3726 32,
549 3671 594 3734 sq.

202 3759 219 3842 d
243 3760 295 3822 33.
342 3761 401 3840 χρη
424 3759 533 3835 τοίνυν,
553 3759 647 3840 ὥσπερ
662 3759 700 3825 θον
714 3761 831 3831 τούτους
846 3761 931 3840 ὁροῖτε
947 3759 1095 3838 προθύμως
1110 3760 1249 3840 σώζοντος

159 3868 224 3937 τοὺς
244 3867 364 3949 Φίλους,
387 3867 459 3933 οὕτω
479 3869 528 3935 κού
553 3871 632 3948 ὑμᾶς
651 3871 717 3943 τοὺς
738 3871 855 3951 ἐχθρούς
872 3872 1070 3950 τιμωρεῖσθαι,
1090 3868 1123 3934 εὖ
1138 3871 1250 3942 εἰδότως

159 3974 201 4041 θτι
234 3978 375 4050 τούτοις
406 3980 556 4060 πρύτοις
579 3979 677 4060 ἄνδρες
700 3981 834 4058 ἀμείνους
854 3977 947 4056 δόξετ’
963 3977 1050 4058 εἶναι,
1071 3982 1145 4044 ἐποδν
1168 3981 1251 4061 ποιροδ

159 4091 214 4150 τῶν
230 4087 399 4152 οίδικούντων
420 4089 498 4164 δίκην
517 4089 707 4166 λοιμβύνητε.
732 4090 771 4155 In
788 4090 835 4153 his
851 4089 888 4153 ἄν
904 4091 987 4173 (ante
1002 4090 1132 4173 τούτους)
1150 4090 1252 4154 delen-

160 4194 252 4272 dnm3
277 4197 391 4261 nemini
412 4199 609 4283 persuadebit
626 4199 787 4264 Scheibins
805 4199 1027 4284 propemodum
1047 4201 1250 4265 necessarium

160 4327 225 4369 esse
250 4313 281 4370 et
304 4307 496 4391 iungendum
519 4329 590 4372 oum
613 4309 773 4388 σώζοντος,
797 4333 858 4388 „ne
882 4310 1093 4394 deprecatores
1117 4310 1164 4376 illi
1183 4333 1252 4374 vere

160 4414 384 4480 Nicomachum
417 4417 586 4482 servaturi''
613 4418 786 4482 videantur.
830 4418 934 4502 Σύζω,
959 4428 995 4483 ut
1018 4419 1135 4499 δίδωμι,
1165 4423 1251 4486 πείθω
