3074 5210
803 431 900 513 'ee

335 653 404 720 lect.
436 652 495 718 vol.
520 651 576 717 VI.
601 675 631 737 p.
657 654 739 729 690,
764 673 828 735 sq.;
852 651 930 715 nihil
954 631 1035 716 enim
1058 652 1207 717 attinebat
1229 652 1419 737 publicarum

335 763 511 829 tabularum
533 762 624 827 fidem
647 763 837 839 subvertere,
863 763 889 826 si
913 762 992 827 nihil
1013 762 1084 826 illae
1108 763 1315 842 continerent,
1336 764 1419 849 quod

335 877 464 960 Agorati
495 898 602 940 eausee
631 875 761 952 iaveret3
791 875 919 939 oratoris
943 876 1094 939 sententia
1116 874 1192 940 haee
1216 885 1311 940 esset:
1335 898 1423 961 „per-
1519 939 1520 954 ¹

335 988 508 1072 „scriptum
531 996 577 1052 est
600 988 632 1051 in
656 987 798 1052 columna
821 987 1047 1073 Thrasybulum
1067 997 1097 1052 et
1114 985 1336 1073 Apollodorum
1352 986 1422 1051 civi·

334 1106 421 1178 „tate
451 1122 515 1164 esse
546 1099 692 1177 donatos;
721 1122 906 1185 quamquam
930 1098 1004 1184 qnid
1028 1099 1208 1164 confidimus
1231 1097 1344 1188 tabulis
1367 1120 1421 1183 pu·
1519 1149 1520 1156 ,

335 1209 446 1288 „blicis
454 1209 488 1272 ?’'
512 1209 604 1291 Quod
617 1211 761 1294 quamsit
777 1210 911 1274 alienum
927 1210 964 1276 ab
981 1211 1109 1275 oratoris
1121 1211 1278 1296 proposito
1290 1210 1420 1294 quisque
1519 1265 1521 1291 ρ

335 1320 427 1385 videt.
474 1319 580 1401 Quum
603 1320 804 1386 nihilominus
828 1321 866 1385 de
889 1321 1029 1407 pluribus
1054 1344 1150 1386 sermo
1174 1321 1215 1385 sit
1237 1343 1298 1386 non
1319 1322 1421 1406 potuit
1519 1371 1521 1400 J

335 1456 415 1498 unus
439 1436 592 1518 Agoretus
616 1435 780 1519 significari
803 1433 856 1498 sed
879 1444 948 1518 post
971 1435 1159 1511 πεποιημένον
1178 1455 1289 1497 nomen
1304 1434 1354 1496 vel
1369 1455 1421 1497 no
1519 1508 1521 1512 ¹

336 1545 419 1609 mina
442 1545 502 1608 alia
524 1551 681 1630 praeterea
703 1546 814 1609 omissa
837 1551 919 1609 sunt.
966 1543 1069 1608 Etiam
1092 1567 1128 1608 ex
1145 1544 1301 1607 marmoris
1318 1543 1420 1607 cuius·
1519 1591 1522 1600 .

336 1655 406 1719 dam
437 1655 591 1741 reliquiis,
623 1679 698 1742 quas
729 1654 882 1740 Bergkins
906 1656 1022 1741 primns
1046 1655 1077 1719 in
1101 1653 1246 1720 Zeitscbr.
1271 1655 1292 1720 f.
1317 1655 1347 1720 d.
1371 1655 1422 1718 Al·
1520 1689 1522 1736 1

333 1767 452 1832 terthw.
503 1770 606 1845 1847,
648 1791 677 1854 p.
720 1770 804 1831 1099
849 1764 926 1830 vidit
958 1773 1058 1852 partes
1089 1766 1181 1831 huius
1208 1765 1423 1851 psephismatis

332 1878 559 1962 continerent.
584 1877 765 1956 Kirchboff‚
789 1877 903 1942 Philol.
929 1877 988 1942 vol.
1014 1876 1106 1941 XIII.
1135 1879 1218 1942 1858
1233 1900 1263 1962 p.
1280 1881 1330 1957 14,
1345 1879 1422 1963 sqq.)
1522 1935 1523 1938 ,

332 1991 487 2074 Agoratns
511 2011 581 2053 cnm
604 1989 672 2053 aliis
696 1989 857 2054 memorari
880 1989 1003 2055 videtur
1010 2017 1020 2068 3
1048 1990 1130 2055 linea
1152 1991 1232 2054 enim
1257 1993 1296 2056 27
1323 1992 1421 2061 αὐτοῖς
1522 2065 1523 2068 ¹

330 2101 477 2186 legImus,
510 2107 675 2186 postquam
704 2100 724 2163 l.
757 2103 798 2164 23
834 2103 961 2190 οὐγορατο
993 2108 1024 2166 et
1059 2103 1099 2164 25
1135 2103 1314 2186 εὐεργέ(τας)
1339 2125 1422 2187 prae-

332 2205 430 2276 cessit.
484 2212 586 2298 Igitur
616 2221 686 2297 post
716 2237 788 2277 νιετ.
822 2212 969 2276 excidisse
994 2211 1115 2278 videtur
1137 2214 1189 2277 οὐν
1202 2264 1209 2278 .
1224 2262 1252 2279 ..
1278 2213 1421 2296 (bominis
1523 2283 1524 2292 ρ

331 2345 442 2387 nomen
465 2324 605 2408 ignotum
630 2326 687 2408 est)
710 2321 893 2404 γεγράφθαι.
939 2322 1019 2387 Τιιιιι
1042 2322 1191 2407 quaedam
1215 2323 1421 2407 sequebantur
1523 2367 1524 2372 ι

331 2435 364 2499 in
394 2435 473 2498 hano
502 2435 698 2499 sententiam:
730 2441 846 2519 „atque
869 2432 944 2496 haec
965 2432 1013 2496 illi
1036 2440 1232 2498 tentaverunt
1255 2456 1343 2512 sane3
1369 2434 1420 2499 sed

331 2547 475 2612 frustra.'’
504 2545 574 2627 Quo
598 2545 766 2632 praemisso
792 2545 868 2610 bene
891 2544 1091 2629 sequebatur:
1117 2547 1157 2610 τοὶ
1175 2543 1271 2621 μέντοι
1291 2546 1422 2630 ὀνόματα
1524 2599 1525 2602 ι

331 2658 556 2739 διαπράττονται
583 2696 627 2706 -
659 2663 882 2740 τροςγραφῆναι
913 2659 951 2728 εἰς
983 2659 1035 2731 τὴν
1066 2657 1174 2732 στήλην
1205 2661 1240 2731 ὡς
1271 2659 1421 2739 εὐεργέται

331 2768 408 2841 ὄντες
428 2771 483 2854 (ita
506 2770 587 2834 enim
609 2791 665 2854 pro
688 2767 846 2850 εὐεργέταις
871 2767 956 2840 ὄντας
978 2768 1050 2852 leg.)
1091 2770 1142 2848 Τῷ
1166 2771 1255 2849 ῥήτορι
1278 2790 1342 2832 non
1366 2769 1422 2834 sol·

238 2927 242 2940 .
330 2880 508 2946 licitaverim
517 2906 526 2958 ;
545 2880 743 2965 significatur
760 2879 840 2943 euim
856 2879 882 2942 is
899 2880 953 2964 qui
968 2878 1007 2942 ad
1022 2879 1169 2965 populum
1186 2879 1315 2957 tulerat,
1334 2882 1420 2944 cuius
1476 2943 1479 2948 .

331 3013 442 3055 nomen
473 2990 593 3084 decreto
616 2990 842 3076 praescriptum
868 2996 946 3068 erat3
969 2991 996 3053 is
1019 2989 1125 3054 fraude
1145 2991 1271 3055 nomina
1293 2993 1420 3078 Agorati

333 3114 364 3168 et
394 3103 519 3188 alterius
550 3103 634 3167 illius
663 3125 747 3167 nunc
778 3103 878 3187 ignoti
909 3102 1047 3180 decreto,
1073 3112 1235 3187 antequam
1258 3104 1355 3190 lapidi
1377 3106 1419 3168 in·

332 3215 539 3300 sculperetur,
564 3214 741 3292 addiderat,
766 3215 856 3300 quasi
872 3212 910 3278 de
932 3215 970 3278 iis
994 3223 1117 3301 quoque
1139 3216 1270 3280 tulisset.

375 3329 393 3413 p
416 3330 467 3392 86.
513 3327 725 3391 Undecimviri
749 3349 873 3391 causam
894 3329 1065 3406 οὐταγωγύν
1088 3350 1119 3392 se
1142 3337 1316 3414 recepturos
1332 3349 1419 3412 negu-

332 3445 451 3517 verant,
475 3439 535 3503 nisi
558 3439 591 3501 in
614 3437 745 3501 formula
769 3437 957 3501 accusatoris
981 3437 1165 3504 adderentur
1186 3439 1278 3503 verba
1299 3439 1347 3504 ἐπ’
1368 3441 1418 3503 αὐ-

331 3551 456 3632 τοφώρῳ.
488 3549 526 3613 ni
541 3551 658 3614 monito
674 3549 801 3614 audiens
818 3550 920 3614 fuerat
936 3559 1094 3614 accusator
1108 3549 1291 3634 Dionysius,
1309 3553 1418 3615 certius

332 3660 558 3726 damnationem
580 3661 738 3725 imminere
761 3683 797 3724 eo
821 3659 1033 3725 additamento
1056 3669 1151 3726 ratus.
1190 3660 1248 3726 Sed
1266 3665 1418 3748 Agoratns

333 3773 466 3858 speciose
493 3772 572 3837 nihil
595 3795 678 3837 nunc
702 3772 788 3836 illam
811 3773 1036 3838 accusationem
1060 3772 1098 3836 ad
1122 3773 1328 3859 sepertinere
1352 3794 1418 3836 con-

332 3884 449 3962 tendit,
475 3883 558 3968 quod
580 3887 628 3950 ἐτ’
652 3887 808 3966 αὐτοφώρῳ
827 3884 1036 3970 ,deprehensus
1059 3907 1123 3950 non
1146 3893 1234 3950 esset.
1281 3884 1348 3950 Iam
1370 3883 1417 3947 de·

331 4002 557 4060 monstraturus
592 4001 694 4061 orator
717 3996 819 4059 animo
841 3996 875 4059 in
898 3999 1068 4080 Agoratum
1091 3997 1211 4061 insenso
1234 3994 1416 4062 undecimvi-

330 4128 381 4172 ros
404 4107 553 4192 Dionysio
576 4107 723 4185 suasisse,
747 4117 784 4171 ut
806 4107 991 4173 adscriberet
1002 4107 1050 4172 ἐτ’
1062 4109 1234 4190 αὐτοφώρῳ,
1252 4109 1300 4172 his
1316 4106 1412 4172 verbis

331 4220 448 4284 utitur:
473 4219 581 4284 δοιιούοι
605 4220 629 4282 δ’
652 4219 753 4297 ἔμοιγε
774 4221 798 4284 οἱ
822 4216 938 4304 ἕνδεκα,
963 4222 986 4285 οἱ
1009 4218 1241 4299 παραδεξάμενοι
1264 4221 1315 4294 τὴν
1335 4221 1412 4284 οὐτα-

332 4333 434 4410 γωγύν
456 4331 585 4406 ταύτην,
609 4331 725 4408 οἰόμενοι
747 4330 900 4412 Ἀγοράτῳ
923 4332 1122 4412 συμπράττειν
1145 4336 1212 4399 τότε
1235 4337 1289 4400 καῖ
1303 4337 1411 4416 dcccxc·

332 4442 466 4524 ριζύριενοι
496 4441 608 4522 σφόδρα
637 4443 717 4523 ὀρθῶς
747 4450 863 4516 ποιῆσαι
887 4443 1043 4520 Διονύσιον,
1068 4445 1120 4515 τὴν
1142 4445 1311 4524 οὐταγιογύν
1334 4447 1409 4512 αὐτοὶ·
