3128 5208
682 491 721 554 57

196 703 358 768 Excidisse
382 701 498 787 aliquid
523 700 643 765 videtur
667 701 724 765 sub
747 701 838 764 finem
861 700 878 783 b
904 700 960 761 14:
978 693 1057 767 οὗτος
1078 694 1173 772 μέντοι
1194 697 1243 759 οὐκ

146 816 185 878 ἀν
222 815 287 895 ἔχοι
323 812 474 888 ἀποδείξαι
506 851 551 863 -
573 812 629 878 οὔθ’
652 815 688 884 ὡς
706 813 731 894 (ὃ
754 811 850 896 σηκὸς)
872 809 1016 888 ἀμπέλοις
1040 807 1168 886 ἐμποδὼν
1193 804 1241 886 ήν,

145 927 207 992 οὔθ’
230 927 268 996 ὡς
291 924 382 997 οἰκίας
404 924 516 1007 ἐγγύς,
538 923 595 990 αὕθ’
614 927 650 996 ὡς
670 926 727 1002 ἐγὼ
748 924 862 1005 ἀπειρος
881 928 936 987 τῶν
956 925 1024 1003 παρ’
1045 917 1243 1001 ὑμῖνίὺμῶνί)

145 1037 296 1108 κινδύνων,
322 1037 348 1100 εί
365 1061 392 1100 τι
412 1035 520 1100 τούτων
540 1035 683 1115 ἔπραττον
702 1035 816 1105 roatici
837 1033 874 1099 ἀν
893 1033 942 1098 καί
964 1032 1106 1111 μεήάλας
1123 1029 1241 1108 ε’μαντῷ

145 1148 260 1228 ζημίας
293 1147 454 1240 γενομένας
478 1147 682 1229 ἀποφήναιμι·
707 1143 736 1218 ὃς
760 1145 944 1225 πρῶτονμὲν
967 1145 1030 1220 μεθ’
1053 1143 1161 1222 ἡμέραν
1184 1139 1243 1216 szt-

145 1283 256 1323 κσπτον
289 1258 336 1323 τὸν
365 1259 461 1332 σηκόν.
510 1257 568 1322 His
591 1259 724 1344 primum
746 1258 936 1322 demonstrat
958 1256 1073 1320 nullam
1097 1254 1155 1319 sibi
1178 1275 1244 1316 cau·

146 1392 218 1432 sam
241 1368 389 1454 peccandi
413 1369 506 1434 fuisse
522 1371 577 1453 (—
593 1369 750 1453 κινδύνων),
772 1376 838 1432 tum
858 1367 994 1452 singulo,
1012 1390 1090 1453 quae
1105 1365 1142 1430 ab
1159 1385 1244 1428 accu-

145 1488 251 1544 satore
282 1479 403 1544 obiccta
433 1481 512 1558 sint,
545 1503 651 1566 parum
684 1504 737 1566 per
768 1503 799 1544 se
829 1479 998 1566 probabilia
1026 1501 1107 1555 esse,
1132 1499 1188 1540 neo
1211 1499 1243 1540 sc

144 1592 285 1658 interdiu
318 1593 464 1658 excidisse
494 1601 654 1671 truncum,
678 1616 735 1658 nec
758 1593 790 1658 id
815 1615 869 1679 per
892 1614 994 1657 servos
1017 1614 1049 1655 se
1072 1591 1168 1654 facere
1191 1610 1243 1674 po-

144 1705 265 1782 tuisse,
289 1704 351 1768 nisi
374 1703 540 1768 admodum
563 1704 654 1769 hebes
679 1704 774 1768 videri
798 1703 900 1768 vellet.
931 1702 991 1767 Sed
1014 1701 1091 1766 duae
1107 1701 1177 1764 illae
1194 1699 1243 1763 de·

144 1815 382 1879 monstrationis
406 1821 506 1898 partes
530 1837 593 1879 non
617 1823 687 1900 apte
710 1814 956 1898 distinguuntur.
998 1813 1142 1876 Transitu
1165 1833 1242 1896 opus

145 1934 213 2004 est,
239 1948 331 2012 quem
354 1927 497 2002 restitues
520 1927 635 1990 inserto
659 1926 751 1992 ἔπειτ’
775 1933 845 1991 ante
868 1925 895 1991 εί
916 1949 953 1991 τι.
990 1924 1039 1988 Ita
1064 1923 1155 1988 verba
1170 1923 1243 1986 haec

144 2061 261 2102 novam
284 2038 440 2124 incipiunt
462 2037 631 2123 periodum.
667 2038 827 2136 Praeterea
846 2036 964 2123 aliquid
981 2037 1162 2123 requiritur,
1181 2056 1242 2119 quo

143 2151 258 2216 radron
278 2149 310 2232 (i.
332 2171 358 2213 e.
378 2149 504 2226 horum,
526 2171 604 2233 quae
624 2149 747 2234 singula
765 2149 843 2214 mihi
858 2148 975 2233 obiicit)
998 2149 1095 2234 magis
1119 2147 1250 2213 definio.

144 2270 201 2326 tur
224 2257 273 2344 (ὧν
296 2257 344 2326 tte
363 2259 446 2338 λέγει
464 2261 511 2325 vel
529 2261 619 2346 sim).
635 2299 680 2335 ·.-
693 2260 885 2326 Vocabulum
904 2260 1022 2342 ζημίαις
1041 2283 1113 2325 sane
1131 2259 1242 2341 ἀκύρως

143 2373 287 2458 positum
318 2371 440 2436 videtur
447 2398 457 2450 ;
489 2372 663 2458 significant
693 2373 774 2436 enim
804 2372 878 2436 hacc
908 2373 1024 2444 πολλάς
1053 2411 1099 2421 -
1126 2371 1243 2452 ἀποφή-

143 2509 250 2562 ναιμιι
272 2482 384 2561 „valde
406 2505 491 2546 meae
513 2483 611 2568 ipsius
628 2505 736 2548 causac
751 2506 800 2548 mc
815 2484 954 2548 nocuisse
971 2482 1243 2560 demonstrarem;”

142 2619 221 2660 nam
252 2595 290 2658 de
322 2598 494 2660 detrimento
527 2603 581 2660 aut
608 2599 714 2662 damno
737 2597 770 2660 in
793 2597 938 2681 proximis
962 2619 1024 2660 non
1048 2597 1162 2681 agitur3
1187 2617 1243 2658 nec

144 2707 186 2771 de
219 2709 310 2790 οαίρα
336 2705 519 2770 vocabulum
541 2707 638 2792 accipi
661 2714 779 2792 potest,
805 2729 900 2793 quum
924 2707 1048 2772 accedat
1070 2708 1240 2785 γενομένας.

143 2817 259 2882 Posuit
282 2815 400 2898 ζημίαις
424 2824 460 2881 ut
483 2816 704 2883 demonstratio
729 2818 788 2883 sibi
812 2825 976 2884 constaret.
1013 2818 1058 2884 Os.
1082 2821 1099 2904 b
1124 2821 1174 2883 13.

194 2926 267 2991 Non
291 2926 349 2992 hac
372 2934 493 2992 tantum
517 2930 651 2994 sectione
675 2929 729 2995 sed
752 2929 826 2995 olibi
847 2952 968 3016 quoque
986 2931 1018 2994 in
1034 2931 1091 2994 hac
1107 2929 1243 2994 oratione

145 3038 301 3125 quaedam
332 3038 528 3115 exciderunt,
554 3039 649 3103 veluti
671 3043 689 3125 b
712 3042 771 3104 39:
797 3041 854 3117 ἐγὼ
878 3041 931 3111 μὲν
956 3042 1138 3126 [ἐγνωκέναι]
1163 3042 1241 3118 ύμάς

145 3155 298 3230 ήγοῦμαι,
324 3146 366 3215 ίτι
389 3149 582 3232 Νικόμαχος,
607 3177 634 3217 κ.
659 3177 688 3217 π.
715 3155 745 3231 ἑ,
771 3152 826 3217 ubi
850 3152 1042 3218 Hamakerus
1065 3151 1144 3216 vidit
1166 3151 1242 3216 desi·

145 3263 247 3326 derari
263 3262 428 3340 ἐγνωκέναι.
464 3261 563 3348 Supra
585 3265 602 3348 b
623 3266 641 3325 2
662 3263 779 3342 οίίμενοι
795 3264 857 3341 ε’μοί
874 3264 928 3342 μὲν
946 3265 1058 3340 ταύτην
1076 3265 1128 3339 τήν
1144 3264 1242 3328 αἰτίαν

144 3372 339 3454 ἀπορωτάτην
363 3368 434 3438 εἷναι
459 3373 609 3446 ἀποδείξαι
637 3374 861 3439 restituendum
885 3373 1006 3438 videtur
1030 3375 1150 3460 [ψευδῆ]
1170 3377 1242 3440 ἀπο-

146 3483 256 3569 δεῖξαι,
292 3483 347 3549 ubi
381 3483 435 3548 alii
470 3491 665 3549 correxerunt
700 3484 879 3563 ἀπελέγξαι.
927 3483 1006 3550 Soet.
1039 3487 1080 3548 25
1112 3486 1162 3550 καὶ
1189 3488 1242 3561 τήν

148 3595 280 3677 πατρίδα
303 3596 335 3660 in
359 3595 447 3660 MSS.
472 3596 584 3660 omissa
607 3603 689 3660 sunt.

194 3709 211 3792 b
231 3709 284 3771 23.
321 3710 345 3774 εί,
364 3709 418 3786 μὲν
438 3707 606 3788 παρέσχετο
626 3709 794 3791 μοίρτνρας,
813 3710 923 3780 τούτοις
942 3707 979 3774 ἀν
991 3707 1068 3785 ήξίον
1080 3710 1240 3792 πιστεύειν,

147 3818 245 3892 ἐπειδή
276 3818 301 3882 δ’
317 3821 367 3883 οὐκ
398 3818 467 3884 είσίν
481 3817 486 3826 ἀ
499 3821 596 3902 αὐτῷ,
631 3821 693 3897 ἐμοὶ
724 3819 775 3885 καί
798 3821 910 3896 ταύτην
936 3822 1001 3896 τήν
1024 3820 1130 3900 ζημίαν
1153 3818 1241 3885 οίεται

148 3938 255 4010 χρήναι
286 3931 431 4006 γενέσίαι.
478 3929 693 3996 Omittendum
716 3934 768 4008 τήν
792 3939 862 3996 ante
884 3930 991 4012 ζημίαν
1015 3932 1095 4008 „hoc
1119 3953 1240 4015 quoquc
1294 4015 1298 4020 .

149 4042 225 4106 mihi
246 4041 358 4106 damno
379 4066 443 4107 csse
461 4044 577 4128 cupit.”
598 4045 730 4127 (Ταύτην
749 4067 802 4130 per
823 4045 1036 4108 attractionem
1054 4041 1172 4127 generis
1186 4062 1240 4126 pro

149 4158 256 4239 τοῦτο.)
290 4153 365 4216 Tam
389 4153 581 4232 testimonia,
606 4156 724 4240 inquit,
744 4178 836 4241 quam
853 4153 1007 4220 defectum
1022 4155 1148 4218 testium
1163 4152 1240 4216 mihi

152 4266 315 4331 exitiosum
339 4289 402 4330 esse
427 4266 507 4345 vult3
533 4267 616 4350 quod
639 4269 704 4354 ipso
729 4275 822 4332 testes
845 4247 907 4332 non
932 4267 1044 4344 habet,
1068 4264 1144 4329 mihi
1165 4263 1240 4326 vitio

152 4375 250 4442 datur.
286 4377 333 4442 Of.
357 4380 373 4462 b
397 4381 456 4455 21,
481 4378 539 4442 sub
561 4379 582 4442 f.
607 4378 703 4443 Paulo
728 4386 798 4465 post
816 4382 846 4444 ού
868 4380 927 4458 yar
947 4379 1035 4454 δήπου
1052 4379 1240 4457 συκοφαντῶν

152 4486 218 4566 ἅμα
243 4489 375 4559 τοιούτων
397 4512 436 4570 νε
458 4489 554 4571 λόγων
576 4492 713 4575 ἀπορήσει
736 4491 785 4558 καί
810 4491 961 4578 μαρτύρων
985 4485 1189 4578 (μαρτνριῶνί)
1202 4495 1239 4551 ut
