3128 5208
831 483 872 544 38

308 679 481 744 auditorum
514 687 632 764 captat,
665 704 735 744 cum
766 703 827 743 nou
861 688 923 744 tam
951 682 1048 744 oratio
1072 689 1154 758 arte,
1179 701 1271 767 quam
1294 691 1406 746 orator

308 793 440 876 ingenuo
473 799 503 855 et
529 792 646 855 siucero
670 792 790 868 animo,
816 792 853 854 ab
877 792 960 858 omni
984 791 1091 855 fraude
1114 792 1231 869 alieno,
1257 816 1288 856 se
1312 793 1407 857 andi*-

309 903 426 967 toribus
451 902 666 979 commendet,
683 910 713 966 et
735 903 779 966 ita
802 902 931 987 simplex
954 925 988 966 ac
1011 925 1106 992 paene
1125 905 1223 979 εὐήθης
1239 903 1404 982 videatur,

310 1022 345 1077 ut
376 1013 474 1076 omnis
506 1013 703 1097 consopiatur
734 1013 867 1097 suspicio
895 1012 1072 1077 calliditatis
1096 1019 1188 1097 atque
1210 1015 1406 1093 calumniae3

312 1125 365 1189 sed
388 1133 489 1188 tamen
513 1126 544 1188 in
568 1125 606 1188 iis
630 1103 707 1208 quae
730 1124 768 1187 ad
793 1125 919 1188 crimina
942 1123 1088 1189 diluenda
1110 1147 1172 1188 non
1195 1126 1284 1211 longe
1304 1149 1409 1189 arces-

311 1239 370 1302 sita
394 1236 535 1301 videntur
559 1236 612 1300 sed
635 1243 743 1320 sponte
767 1259 798 1299 se
822 1235 945 1313 offerre,
969 1237 994 1300 si
1019 1237 1145 1322 propius
1169 1244 1300 1322 spectes,
1326 1233 1409 1300 suist

312 1349 421 1434 purtim
447 1356 478 1411 et
501 1347 636 1432 captiosa
660 1355 690 1411 et
712 1347 803 1432 longe
827 1347 965 1432 repetita.
990 1347 1091 1412 Huius
1112 1348 1230 1433 generis
1254 1347 1408 1433 estquod

312 1462 343 1524 iu
366 1468 472 1524 nostra
494 1459 630 1522 oratione
653 1460 670 1542 p
693 1460 712 1521 3
736 1437 867 1542 legitur,
892 1480 981 1543 quem
1005 1459 1106 1522 locum
1128 1459 1220 1543 paulo
1235 1458 1410 1522 intricatio-

311 1595 374 1636 rem
399 1571 548 1656 explicare
572 1591 680 1654 operae
704 1571 836 1655 pretium
859 1570 961 1634 fuerit.

358 1681 453 1745 lnitio
477 1683 504 1767 (p
530 1684 565 1758 1,
591 1682 622 1765 2)
646 1688 766 1758 orator,
791 1703 864 1766 ege,
889 1683 1004 1765 inquit,
1029 1684 1062 1745 iu
1085 1683 1214 1766 gratiam
1236 1681 1314 1745 redii
1330 1702 1408 1744 oum

314 1792 501 1871 adversario,
527 1791 609 1876 quod
633 1792 691 1856 iste
715 1815 797 1856 nuuc
820 1801 921 1878 negat.
951 1792 1135 1871 Ἐβουλόμην
1151 1795 1206 1877 (ita
1220 1791 1321 1878 pergit
1336 1793 1355 1876 ᾧ
1373 1795 1409 1874 3)

314 1903 387 1968 δ’ἂν
418 1906 460 1982 μὴ
491 1905 659 1984 οὶοοολοοχεῖν
690 1904 777 1970 αὐτὸν
807 1906 903 1986 κριτὴν
934 1905 1104 1988 Διονυσίοις,
1133 1903 1165 1970 ii'
1188 1907 1256 1980 ὑμῖν
1276 1905 1408 1985 φανερὸς

314 2015 424 2092 ἐγένετ’
447 2017 508 2092 ἐμοὶ
533 2014 761 2099 διηλλαγμένος,
785 2017 881 2098 κρίνοις
903 2019 955 2090 τὴν
974 2017 1045 2094 ε’,οοὴν
1059 2019 1262 2097 (patiamur.
1291 2015 1408 2078 Statim

266 2144 269 2149 “
313 2126 580 2212 animadvertimus
610 2127 718 2190 miram
749 2127 896 2192 rationem
929 2128 1131 2206 defensionis3
1162 2129 1294 2213 ingenue
1321 2127 1410 2190 enim

314 2242 427 2305 fatetur
449 2235 583 2302 iudicem
606 2237 639 2301 in
662 2237 819 2322 Dionysiis
843 2261 861 2301 a
876 2259 908 2301 se
924 2246 1100 2324 corruptum
1117 2261 1199 2317 esse3
1216 2247 1305 2324 pacto
1321 2241 1409 2303 enim

316 2350 506 2426 convenisse,
531 2355 566 2411 ut
590 2347 778 2411 adversarius
803 2348 828 2411 si
851 2348 944 2411 iudex
967 2356 1045 2412 esset
1069 2355 1205 2428 creatus,
1219 2349 1320 2414 tribui
1341 2371 1411 2414 ora·

315 2465 390 2528 toris
414 2461 571 2525 victoriam
587 2459 794 2537 adiudicaret,
812 2481 874 2523 uon
890 2459 1057 2524 secundum
1074 2460 1159 2524 chori
1175 2462 1408 2546 praestantiam,

316 2574 368 2638 sed
393 2571 543 2636 amicitiae
567 2593 675 2648 causa,
700 2578 734 2634 ut
757 2571 886 2634 oratoris
910 2571 1068 2634 commodo
1092 2560 1215 2636 faveret
1261 2573 1330 2636 Hoc
1355 2573 1410 2636 de·

316 2707 399 2749 mum
432 2689 478 2748 est
508 2680 590 2766 qnod
622 2681 730 2745 dicunt
761 2681 872 2745 vulnus
905 2681 1030 2748 vulnere
1061 2705 1176 2748 sanare.
1213 2686 1258 2748 Ac
1280 2690 1409 2747 tantum

317 2797 402 2861 abest
432 2803 467 2857 ut
497 2815 568 2857 reus
600 2793 790 2878 suspicetur,
824 2793 884 2857 alia
915 2795 1115 2880 Areopagitas
1146 2779 1190 2860 de·
1211 2797 1407 2880 integritate,

317 2931 379 2992 qua
409 2905 525 2970 iudices
548 2905 581 2968 in
604 2905 760 2990 'Dionysiis
784 2905 877 2989 vulgo
901 2913 1078 2985 uterentur,
1103 2908 1216 2972 sentire
1239 2929 1344 2992 posse,
1371 2915 1410 2972 ut

318 3017 492 3082 adiudicata
522 3017 650 3080 victoria
681 3039 715 3082 ex
748 3017 813 3081 eius
844 3019 995 3082 sententia
1025 3019 1063 3082 iis
1091 3018 1274 3084 documento
1298 3019 1410 3084 fuisset

318 3130 469 3195 amicitiae
492 3129 671 3207 restitutae,
695 3129 778 3212 quod
794 3129 983 3194 adversarius
1000 3130 1171 3196 adversario
1186 3153 1225 3195 ne
1240 3131 1411 3194 iustissima

318 3241 441 3326 quidem
473 3239 510 3303 de
539 3261 629 3303 causa
651 3240 684 3303 in
708 3240 873 3304 certamine
896 3241 996 3305 favere
1019 3242 1138 3306 soleret.
1186 3241 1342 3306 Nimirum
1367 3247 1411 3305 te-

319 3373 399 3416 mere
431 3351 548 3428 effutit,
574 3350 727 3435 quidquid
750 3351 783 3414 in
806 3351 933 3416 buccam
957 3353 1056 3416 venit!
1104 3352 1162 3418 Sed
1186 3353 1328 3418 consulto
1350 3353 1410 3417 hos

319 3485 417 3526 mores
446 3463 509 3525 suis
541 3461 719 3526 hominibus
745 3459 853 3546 Lysias
877 3461 1008 3548 affingit,
1034 3471 1069 3527 ut
1093 3487 1211 3529 veraces
1235 3464 1408 3528 videantur.

321 3572 413 3653 Quod
444 3574 470 3636 si
501 3572 593 3636 semel
626 3572 774 3649 sumitur,
806 3593 964 3657 nunquam
994 3552 1121 3639 iudices
1141 3575 1340 3660 Dionysiacos
1363 3577 1409 3639 ita

320 3683 414 3746 luisse
446 3702 575 3767 aequos,
608 3691 645 3747 ut
667 3684 816 3769 privatam
838 3685 1025 3750 simultatem
1050 3686 1253 3772 deponerent,
1279 3688 1408 3751 oratoris

321 3795 553 3878 argumentatio·
575 3811 633 3858 sua
664 3795 693 3857 vi
723 3816 783 3858 nou
809 3804 899 3860 earet.
922 3833 968 3846 --
991 3796 1049 3860 Sed
1072 3797 1149 3862 illud
1174 3799 1293 3883 insigne
1316 3799 1409 3863 docu-

319 3911 458 3969 mentum
483 3905 634 3969 amicitiae
657 3905 750 3969 simul
766 3915 796 3969 et
811 3907 980 3996 iniustitiae
995 3907 1060 3973 dari
1076 3930 1138 3973 uon
1154 3916 1310 3994 potuerat,
1327 3917 1409 3973 sorte

321 4016 401 4080 euim
436 4023 519 4094 actor
542 4023 605 4079 erat
628 4017 786 4081 exclusus:
810 4017 926 4098 ἔγοοψε
948 4022 1001 4096 μὲν
1023 4026 1123 4094 τοῦτο
1145 4021 1185 4092 εἰς
1207 4021 1241 4086 τὸ
1264 4043 1407 4104 ypuuua-

318 4119 410 4202 τοῖον,
451 4127 594 4208 ἀπέλαχε
628 4128 667 4192 δέ.
714 4127 923 4213 Inter-prator:
964 4153 1069 4208 „nunc
1108 4131 1231 4216 quidem
1269 4130 1342 4195 haec
1377 4151 1410 4192 se

321 4241 473 4304 iacturum
508 4239 540 4301 in
575 4239 778 4323 pugillaribus
814 4241 951 4326 scripsit,
987 4241 1039 4306 sed
1073 4241 1172 4326 (fidem
1206 4242 1320 4306 solvere
1347 4263 1408 4305 non

290 4351 291 4354 ’
324 4351 441 4436 potuit,
464 4352 545 4433 nam)
569 4357 649 4413 sorte
672 4350 813 4414 exclusus
828 4352 905 4416 est.''
941 4353 1099 4417 articulus
1117 4359 1187 4416 ante
1202 4358 1407 4434 γρομμοοτεῖοο

281 4520 283 4523 ,
326 4461 460 4526 ostendit
482 4462 513 4525 in
538 4471 622 4549 parte
645 4459 789 4525 orationis
813 4462 970 4552 deperdita
992 4465 1070 4532 illud
1093 4471 1297 4546 γροομμοοοεῑοο
1314 4463 1406 4528 fuisse
