3126 5210
673 464 736 526 183

149 664 252 730 τούτου
276 661 504 729 ἐκπεπτωκότων
527 659 688 738 ἐτόλμησεν
711 659 803 723 ἐλθεῖν
818 660 855 730 ὡς
870 656 997 730 τούτους.
1036 659 1087 720 la.
1106 659 1165 720 84:
1184 663 1245 722 πᾶν

148 773 172 834 δ’
194 773 232 836 ἄν
265 796 316 850 μοι
347 773 425 836 δοκεῖ
454 777 600 848 τολμῆσαι
629 767 706 839 ὅστις
733 803 778 816 -
807 765 864 831 νυνὶ
896 765 955 841 ἥκει
987 765 1245 844 ἀπολογησόμενος

148 884 217 961 πρὸς
249 883 358 953 αὐτοὺς
389 881 456 952 τοὺς
479 880 630 959 μοὶςτορας
653 885 707 950 τῆς
728 876 829 942 τούτου
853 874 1006 957 πονηρίας,
1028 895 1119 958 quem
1142 875 1245 940 locum

148 989 223 1054 olim
257 991 376 1054 frustra
407 989 589 1066 sollicitavi;
621 1008 692 1050 uam
716 986 790 1048 haec
814 983 918 1048 omnia
941 1005 1011 1048 cum
1036 982 1159 1048 Dobreo
1183 1005 1246 1048 cor·

148 1097 251 1181 rigere
275 1099 473 1163 temerarium
497 1096 638 1172 videtur,
662 1117 697 1158 ao
720 1093 746 1157 si
771 1092 848 1178 quid
871 1092 943 1156 duri
965 1093 998 1156 iu
1021 1091 1075 1155 illo
1099 1115 1158 1156 usu
1181 1100 1244 1171 est,

146 1205 267 1270 lenitur
299 1206 359 1270 hoc
390 1203 457 1270 loco
489 1205 682 1291 oppositione
716 1224 784 1266 cum
816 1201 982 1286 praemisso
1006 1201 1039 1267 δι’
1060 1202 1178 1283 ἐτέρους.
1199 1239 1245 1251 -

147 1312 331 1380 Subiectum
357 1317 436 1393 ὑμῖις
460 1315 564 1379 abesse
587 1335 650 1378 non
674 1319 775 1397 potest
791 1317 917 1398 propter
933 1309 1062 1384 ἐκείνους.
1099 1310 1244 1376 Ceterum

147 1421 256 1488 Reisk.
291 1425 423 1488 coniecit
450 1446 506 1508 pro
537 1425 634 1488 ἕπιλ.ι
659 1420 918 1498 ἐπκοιογοὶσεσθαι,
943 1419 1028 1504 quod
1050 1421 1166 1484 refutat
1182 1421 1244 1485 Do·

147 1530 242 1596 breus
253 1559 263 1611 ς
287 1531 444 1618 Sauppius
468 1531 675 1614 ὑποδύσεσθαι,
701 1529 785 1615 quod
809 1529 901 1594 etiam
918 1537 988 1614 post
1003 1527 1244 1594 Raucbensteiui

149 1641 390 1726 explicationem
413 1663 477 1705 non
500 1640 574 1704 satis
598 1639 795 1724 perspicuum
819 1637 896 1722 puto
903 1663 913 1716 ς
933 1635 1175 1701 Herwerdenus:
1193 1662 1243 1702 κα

147 1751 350 1829 ταιιύσεσθαι,
382 1749 464 1833 quod
495 1749 665 1814 secundum
695 1771 731 1814 ea
761 1770 840 1832 quae
871 1770 964 1833 supra
987 1747 1025 1812 de
1049 1747 1243 1832 oppositione

149 1880 224 1922 cum
254 1866 319 1938 μεῖ
325 1857 381 1938 ζον
409 1858 544 1924 δύνασθαι
569 1857 648 1936 dixi,
673 1857 750 1922 mihi
773 1878 836 1920 non
860 1855 1018 1942 probabile
1042 1857 1173 1921 videtur.
1197 1893 1243 1907 -

149 1964 240 2045 Quae
271 1974 445 2052 sequuntur
474 1989 537 2032 non
569 1969 672 2032 minus
704 1974 848 2052 corrupta
883 1974 956 2032 suut
986 1966 1060 2032 ὥστε
1092 1966 1130 2031 τὸ
1154 1967 1242 2034 αὐτὸ

149 2076 289 2148 πάντες
312 2078 443 2156 ἐμποδών
466 2079 551 2155 εἰσιν,
576 2079 626 2144 εὀὶν
648 2103 677 2142 τι
701 2079 735 2144 δι’
754 2077 853 2142 ἄλλων
872 2077 984 2154 ἀγανὸν
1004 2078 1071 2152 ὑμῖν
1087 2077 1242 2159 φαίνηται.

150 2183 332 2250 Sententiae
363 2186 513 2250 satisfacit
543 2185 674 2272 Kayseri
695 2191 775 2252 τοῦτ’
802 2187 874 2252 αὐτὸ
897 2187 1053 2258 δείσαντες.
1100 2184 1243 2250 (lonicus-

149 2315 217 2358 ram
248 2300 498 2376 συκοφαντοῦντες
529 2316 585 2379 pro
613 2319 813 2378 αντοπαντες,
843 2296 955 2359 omisso
977 2295 1028 2373 τό,
1054 2294 1138 2377 quod
1161 2301 1242 2359 certe

151 2406 280 2490 propius
304 2405 343 2468 ad
365 2405 515 2469 librorum
538 2405 702 2470 lectionem
726 2405 853 2470 accedit.
1295 2492 1298 2498 .

194 2517 287 2599 sat.
334 2513 373 2577 In
403 2514 464 2577 fine
491 2535 555 2578 non
584 2514 684 2578 multa
711 2514 815 2579 deesse
839 2515 1000 2592 videntur,
1024 2535 1095 2577 nam
1119 2519 1239 2597 praeter

149 2623 230 2689 hanc
253 2625 454 2688 seutentiam:
478 2624 591 2701 „nobis
615 2625 694 2689 hanc
709 2625 930 2710 rempublicam
946 2626 1074 2690 invisam
1090 2624 1238 2701 feceritis,

150 2743 281 2798 vestram
305 2734 364 2818 ipsi
387 2733 601 2798 imminueritis
625 2741 806 2818 potestatem
813 2733 844 2811 ,”
868 2734 947 2798 nihil
969 2735 1032 2797 fere
1057 2732 1140 2818 quod
1163 2732 1241 2796 desi·

150 2841 249 2907 derari
280 2843 378 2927 possit
408 2865 566 2928 superesse
598 2843 728 2907 videtur.
775 2843 814 2906 In
845 2844 899 2906 ὑπο
913 2891 920 2906 .
936 2893 965 2908 ..
998 2844 1072 2907 latet
1100 2844 1238 2922 ὑποψίαν.

149 2951 248 3016 Scribi
278 2953 381 3036 potuit
408 2974 434 3016 e.
464 2975 510 3036 g.:
547 2955 627 3029 ἡμᾶς
661 2955 701 3024 εἷς
727 2952 871 3037 darmatas
894 2954 1099 3028 καταστήσετε
1124 2953 1190 3029 ὑμῖν
1214 2953 1238 3016 δ’

149 3060 297 3141 αἴσχιστα
319 3061 526 3137 βουλεύσεσθε·
550 3061 600 3125 ἐὰν
624 3062 653 3126 δὲ
675 3061 836 3135 τάναντία,
860 3061 1018 3138 βοηθήσετε
1043 3059 1173 3132 καὶτοῖς
1197 3062 1239 3126 νό-

148 3195 212 3248 μοις
240 3178 299 3242 τοῖς
328 3167 464 3246 κειμένοις
487 3168 620 3239 καὶτοῖς
643 3168 747 3253 ὅρκοις,
771 3164 812 3241 οἷς
833 3169 1036 3254 ὀμωμόκατε]
1073 3169 1120 3233 Of.
1145 3171 1236 3234 finem

149 3301 193 3344 or.
220 3283 259 3342 10
286 3285 317 3342 ct
343 3280 396 3340 13.

192 3388 301 3473 Capita
324 3386 527 3451 accusationis
550 3386 584 3449 iu
607 3386 744 3450 oratione
764 3406 827 3449 non
843 3385 955 3450 diserte
970 3386 1164 3465 indicantur,
1181 3411 1237 3452 uec

149 3497 186 3561 dc
209 3519 261 3561 reo
285 3495 455 3582 quidquam
478 3503 621 3580 apparet,
644 3495 705 3558 nisi
727 3495 821 3559 fuisse
844 3496 940 3560 civem
959 3496 1091 3574 bonum,
1110 3499 1164 3581 qui
1179 3499 1236 3563 sub

148 3607 277 3692 triginta
307 3605 379 3668 viris
402 3604 509 3669 urbem
533 3626 596 3668 non
619 3603 794 3688 reliquisset
801 3630 811 3682 3
835 3626 935 3688 neque
959 3605 1043 3670 aliud
1067 3606 1237 3691 quidquam

149 3717 177 3782 ci
200 3716 355 3781 obiectum
378 3716 473 3780 fuisse
497 3714 636 3792 videtur,
661 3737 753 3799 quam
777 3716 860 3799 quod
883 3738 946 3780 non
969 3717 1079 3782 fnisset
1102 3740 1170 3782 acer
1185 3740 1237 3803 po·

149 3825 264 3911 pularis
294 3826 451 3910 regiminis
474 3835 703 3910 propugnator,
727 3826 883 3891 nullarum
907 3827 1010 3912 potius
1033 3827 1167 3912 partium
1190 3829 1237 3891 vir

149 3957 240 4019 quam
271 3935 412 3998 turbator
443 3935 584 3998 civitatis.
632 3934 743 4018 Itaque
774 3937 972 4020 conqueritur
995 3937 1033 4001 de
1056 3939 1237 4002 accusatori-

149 4043 224 4121 bus,
257 4043 312 4127 qui
343 4043 473 4129 speciem
505 4043 655 4107 libertatis
679 4044 887 4110 defendendae
910 4068 982 4131 prae
1005 4069 1038 4110 se
1060 4048 1174 4124 ferant,
1200 4055 1236 4109 ut

148 4153 321 4218 insontibus
350 4175 481 4237 quorum
512 4153 600 4218 bonis
629 4153 797 4232 ditescant,
823 4158 1047 4221 accusationem
1070 4156 1233 4220 intentent.

149 4261 254 4341 Quum
284 4269 404 4341 tamen,
437 4263 521 4347 quod
550 4263 582 4326 in
613 4263 689 4327 urbe
712 4264 906 4328 remansisset
930 4264 987 4329 rub
1011 4265 1139 4348 triginta
1162 4264 1234 4329 viris

151 4372 200 4436 vix
222 4373 304 4437 iusta
326 4373 479 4437 accusatio
503 4373 564 4437 dici
587 4374 702 4460 possit,
727 4381 815 4438 acute
839 4374 971 4440 coniecit
997 4373 1233 4438 Rauohcnstein.
