<?xml version="1.0" encoding="UTF-8"?>
<!DOCTYPE html PUBLIC "-//W3C//DTD XHTML 1.0 Transitional//EN"
    "http://www.w3.org/TR/xhtml1/DTD/xhtml1-transitional.dtd">
<html xmlns="http://www.w3.org/1999/xhtml" xml:lang="en" lang="en">
 <head>
  <title>
</title>
<meta http-equiv="Content-Type" content="text/html;charset=utf-8" />
  <meta name='ocr-system' content='tesseract 3.04.00' />
  <meta name='ocr-capabilities' content='ocr_page ocr_carea ocr_par ocr_line ocrx_word'/>
</head>
<body>
  <div class='ocr_page' id='page_1' title='image "./commentationesl02frangoog_0055.png"; bbox 0 0 3128 5208; ppageno 0'>
   <div class='ocr_carea' id='block_1_1' title="bbox 832 495 874 558">
    <p class='ocr_par' dir='ltr' id='par_1_1' title="bbox 832 495 874 558">
     <span class='ocr_line' id='line_1_1' title="bbox 832 495 874 558; baseline -0.048 0"><span class='ocrx_word' id='word_1_1' title='bbox 832 495 874 558; x_wconf 79' lang='lat'><strong>40</strong></span> 
     </span>
    </p>
   </div>
   <div class='ocr_carea' id='block_1_2' title="bbox 247 696 1440 4455">
    <p class='ocr_par' dir='ltr' id='par_1_2' title="bbox 247 696 1440 3230">
     <span class='ocr_line' id='line_1_2' title="bbox 316 696 1404 781; baseline -0.002 -19"><span class='ocrx_word' id='word_1_2' title='bbox 316 706 408 762; x_wconf 88' lang='lat' dir='ltr'><strong>ventu</strong></span> <span class='ocrx_word' id='word_1_3' title='bbox 439 698 534 773; x_wconf 87' lang='lat' dir='ltr'><strong>facta,</strong></span> <span class='ocrx_word' id='word_1_4' title='bbox 566 721 601 759; x_wconf 87' lang='lat' dir='ltr'><strong>ex</strong></span> <span class='ocrx_word' id='word_1_5' title='bbox 633 719 694 780; x_wconf 88' lang='lat' dir='ltr'><strong>qua</strong></span> <span class='ocrx_word' id='word_1_6' title='bbox 726 720 781 760; x_wconf 87' lang='lat' dir='ltr'><strong>sna</strong></span> <span class='ocrx_word' id='word_1_7' title='bbox 812 697 922 781; x_wconf 89' lang='lat' dir='ltr'><strong>cuique</strong></span> <span class='ocrx_word' id='word_1_8' title='bbox 945 696 1025 761; x_wconf 89' lang='lat' dir='ltr'><strong>bona</strong></span> <span class='ocrx_word' id='word_1_9' title='bbox 1048 696 1263 774; x_wconf 73' lang='lat' dir='ltr'><strong>redderentur,</strong></span> <span class='ocrx_word' id='word_1_10' title='bbox 1288 697 1404 762; x_wconf 75' lang='lat' dir='ltr'><strong>diserte</strong></span> 
     </span>
     <span class='ocr_line' id='line_1_3' title="bbox 313 801 1404 891; baseline -0.003 -17"><span class='ocrx_word' id='word_1_11' title='bbox 313 809 514 874; x_wconf 90' lang='lat' dir='ltr'><strong>constitutum</strong></span> <span class='ocrx_word' id='word_1_12' title='bbox 540 815 620 883; x_wconf 87' lang='lat' dir='ltr'><strong>erat,</strong></span> <span class='ocrx_word' id='word_1_13' title='bbox 646 822 680 870; x_wconf 88' lang='lat' dir='ltr'><strong>nt</strong></span> <span class='ocrx_word' id='word_1_14' title='bbox 704 801 814 871; x_wconf 80' lang='lat' dir='ltr'><strong>ancilla</strong></span> <span class='ocrx_word' id='word_1_15' title='bbox 838 808 960 891; x_wconf 89' lang='lat' dir='ltr'><strong>utrique</strong></span> <span class='ocrx_word' id='word_1_16' title='bbox 983 815 1117 872; x_wconf 88' lang='lat' dir='ltr'><strong>maneret</strong></span> <span class='ocrx_word' id='word_1_17' title='bbox 1134 803 1313 872; x_wconf 86' lang='lat' dir='ltr'><strong>eommunis.</strong></span> <span class='ocrx_word' id='word_1_18' title='bbox 1345 810 1404 872; x_wconf 84' lang='lat' dir='ltr'><strong>Ac-</strong></span> 
     </span>
     <span class='ocr_line' id='line_1_4' title="bbox 314 919 1405 1004; baseline 0.001 -21"><span class='ocrx_word' id='word_1_19' title='bbox 314 927 363 984; x_wconf 89' lang='lat' dir='ltr'><strong>tor</strong></span> <span class='ocrx_word' id='word_1_20' title='bbox 393 942 476 983; x_wconf 89' lang='lat' dir='ltr'><strong>reum</strong></span> <span class='ocrx_word' id='word_1_21' title='bbox 509 919 689 995; x_wconf 86' lang='lat' dir='ltr'><strong>accusabat,</strong></span> <span class='ocrx_word' id='word_1_22' title='bbox 721 919 805 1002; x_wconf 89' lang='lat' dir='ltr'><strong>quod</strong></span> <span class='ocrx_word' id='word_1_23' title='bbox 828 920 856 982; x_wconf 89' lang='lat' dir='ltr'><strong>vi</strong></span> <span class='ocrx_word' id='word_1_24' title='bbox 881 919 912 983; x_wconf 89' lang='lat' dir='ltr'><strong>in</strong></span> <span class='ocrx_word' id='word_1_25' title='bbox 936 919 1033 1004; x_wconf 89' lang='lat' dir='ltr'><strong>ipsius</strong></span> <span class='ocrx_word' id='word_1_26' title='bbox 1057 919 1190 1004; x_wconf 89' lang='lat' dir='ltr'><strong>(actoris)</strong></span> <span class='ocrx_word' id='word_1_27' title='bbox 1214 919 1338 984; x_wconf 91' lang='lat' dir='ltr'><strong>domum</strong></span> <span class='ocrx_word' id='word_1_28' title='bbox 1362 921 1405 984; x_wconf 88' lang='lat' dir='ltr'><strong>ir·</strong></span> 
     </span>
     <span class='ocr_line' id='line_1_5' title="bbox 298 1030 1403 1117; baseline 0 -21"><span class='ocrx_word' id='word_1_29' title='bbox 298 1033 447 1117; x_wconf 81' lang='lat' dir='ltr'><strong>&#39;rupisset</strong></span> <span class='ocrx_word' id='word_1_30' title='bbox 477 1039 599 1116; x_wconf 86' lang='lat' dir='ltr'><strong>propter</strong></span> <span class='ocrx_word' id='word_1_31' title='bbox 630 1031 771 1095; x_wconf 81' lang='lat' dir='ltr'>ancillam</span> <span class='ocrx_word' id='word_1_32' title='bbox 800 1039 830 1094; x_wconf 87' lang='lat' dir='ltr'><strong>et</strong></span> <span class='ocrx_word' id='word_1_33' title='bbox 853 1030 978 1095; x_wconf 84' lang='lat' dir='ltr'><strong>vulnera</strong></span> <span class='ocrx_word' id='word_1_34' title='bbox 1001 1031 1060 1115; x_wconf 89' lang='lat' dir='ltr'><strong>ipsi</strong></span> <span class='ocrx_word' id='word_1_35' title='bbox 1082 1030 1252 1095; x_wconf 84' lang='lat' dir='ltr'><strong>inflixisset.</strong></span> <span class='ocrx_word' id='word_1_36' title='bbox 1299 1031 1403 1111; x_wconf 76' lang='lat' dir='ltr'><strong>Quam</strong></span> 
     </span>
     <span class='ocr_line' id='line_1_6' title="bbox 314 1140 1404 1227; baseline -0.001 -20"><span class='ocrx_word' id='word_1_37' title='bbox 314 1143 536 1207; x_wconf 80' lang='lat' dir='ltr'><strong>accusationem</strong></span> <span class='ocrx_word' id='word_1_38' title='bbox 566 1148 602 1204; x_wconf 92' lang='lat' dir='ltr'><strong>ut</strong></span> <span class='ocrx_word' id='word_1_39' title='bbox 630 1140 802 1226; x_wconf 88' lang='lat' dir='ltr'><strong>probaret,.</strong></span> <span class='ocrx_word' id='word_1_40' title='bbox 815 1161 936 1206; x_wconf 91' lang='lat' dir='ltr'><strong>necesse</strong></span> <span class='ocrx_word' id='word_1_41' title='bbox 964 1141 991 1204; x_wconf 88' lang='lat' dir='ltr'><strong>ei</strong></span> <span class='ocrx_word' id='word_1_42' title='bbox 1015 1140 1176 1206; x_wconf 85' lang='lat' dir='ltr'><strong>videbatur</strong></span> <span class='ocrx_word' id='word_1_43' title='bbox 1198 1164 1308 1227; x_wconf 87' lang='lat' dir='ltr'><strong>negare</strong></span> <span class='ocrx_word' id='word_1_44' title='bbox 1331 1164 1404 1206; x_wconf 90' lang='lat' dir='ltr'><strong>con-</strong></span> 
     </span>
     <span class='ocr_line' id='line_1_7' title="bbox 314 1251 1403 1329; baseline -0.001 -12"><span class='ocrx_word' id='word_1_45' title='bbox 314 1253 498 1322; x_wconf 84' lang='lat' dir='ltr'><strong>ciliationem</strong></span> <span class='ocrx_word' id='word_1_46' title='bbox 529 1251 640 1316; x_wconf 89' lang='lat' dir='ltr'><strong>factam</strong></span> <span class='ocrx_word' id='word_1_47' title='bbox 663 1251 774 1329; x_wconf 84' lang='lat' dir='ltr'><strong>fuisse3</strong></span> <span class='ocrx_word' id='word_1_48' title='bbox 800 1251 905 1314; x_wconf 89' lang='lat' dir='ltr'><strong>hostili</strong></span> <span class='ocrx_word' id='word_1_49' title='bbox 928 1251 1029 1316; x_wconf 90' lang='lat' dir='ltr'><strong>animo</strong></span> <span class='ocrx_word' id='word_1_50' title='bbox 1053 1252 1182 1316; x_wconf 87' lang='lat' dir='ltr'><strong>alienam</strong></span> <span class='ocrx_word' id='word_1_51' title='bbox 1207 1253 1329 1317; x_wconf 88' lang='lat' dir='ltr'><strong>domum</strong></span> <span class='ocrx_word' id='word_1_52' title='bbox 1354 1254 1403 1317; x_wconf 90' lang='lat' dir='ltr'><strong>in-</strong></span> 
     </span>
     <span class='ocr_line' id='line_1_8' title="bbox 314 1363 1403 1448; baseline -0.002 -19"><span class='ocrx_word' id='word_1_53' title='bbox 314 1365 439 1429; x_wconf 87' lang='lat' dir='ltr'><strong>travisse</strong></span> <span class='ocrx_word' id='word_1_54' title='bbox 462 1386 565 1440; x_wconf 88' lang='lat' dir='ltr'><strong>reum,</strong></span> <span class='ocrx_word' id='word_1_55' title='bbox 591 1371 625 1426; x_wconf 88' lang='lat' dir='ltr'><strong>nt</strong></span> <span class='ocrx_word' id='word_1_56' title='bbox 649 1363 760 1426; x_wconf 89' lang='lat' dir='ltr'><strong>ancilla</strong></span> <span class='ocrx_word' id='word_1_57' title='bbox 783 1363 949 1448; x_wconf 89' lang='lat' dir='ltr'><strong>potiretur,</strong></span> <span class='ocrx_word' id='word_1_58' title='bbox 973 1364 1005 1427; x_wconf 93' lang='lat' dir='ltr'><strong>in</strong></span> <span class='ocrx_word' id='word_1_59' title='bbox 1029 1386 1121 1448; x_wconf 90' lang='lat' dir='ltr'><strong>quam</strong></span> <span class='ocrx_word' id='word_1_60' title='bbox 1144 1363 1264 1428; x_wconf 90' lang='lat' dir='ltr'><strong>nullum</strong></span> <span class='ocrx_word' id='word_1_61' title='bbox 1288 1365 1334 1429; x_wconf 86' lang='lat' dir='ltr'><strong>illi</strong></span> <span class='ocrx_word' id='word_1_62' title='bbox 1350 1365 1403 1428; x_wconf 89' lang='lat' dir='ltr'><strong>ius</strong></span> 
     </span>
     <span class='ocr_line' id='line_1_9' title="bbox 315 1475 1407 1554; baseline -0.001 -14"><span class='ocrx_word' id='word_1_63' title='bbox 315 1485 409 1554; x_wconf 90' lang='lat' dir='ltr'><strong>esset,</strong></span> <span class='ocrx_word' id='word_1_64' title='bbox 442 1482 525 1539; x_wconf 89' lang='lat' dir='ltr'><strong>actor</strong></span> <span class='ocrx_word' id='word_1_65' title='bbox 555 1482 681 1539; x_wconf 90' lang='lat' dir='ltr'><strong>conatus</strong></span> <span class='ocrx_word' id='word_1_66' title='bbox 712 1483 775 1539; x_wconf 91' lang='lat' dir='ltr'><strong>erat</strong></span> <span class='ocrx_word' id='word_1_67' title='bbox 799 1475 1015 1540; x_wconf 88' lang='lat' dir='ltr'><strong>demonstrare.</strong></span> <span class='ocrx_word' id='word_1_68' title='bbox 1063 1475 1148 1540; x_wconf 90' lang='lat' dir='ltr'><strong>Haec</strong></span> <span class='ocrx_word' id='word_1_69' title='bbox 1170 1499 1252 1539; x_wconf 90' lang='lat' dir='ltr'><strong>nunc</strong></span> <span class='ocrx_word' id='word_1_70' title='bbox 1276 1499 1311 1539; x_wconf 86' lang='lat' dir='ltr'><strong>ex</strong></span> <span class='ocrx_word' id='word_1_71' title='bbox 1334 1475 1407 1540; x_wconf 92' lang='lat' dir='ltr'><strong>dili·</strong></span> 
     </span>
     <span class='ocr_line' id='line_1_10' title="bbox 315 1585 1407 1672; baseline -0.001 -21"><span class='ocrx_word' id='word_1_72' title='bbox 315 1587 399 1672; x_wconf 79' lang='lat' dir='ltr'><strong>genti</strong></span> <span class='ocrx_word' id='word_1_73' title='bbox 431 1609 539 1650; x_wconf 89' lang='lat' dir='ltr'><strong>causae</strong></span> <span class='ocrx_word' id='word_1_74' title='bbox 569 1585 810 1650; x_wconf 82' lang='lat' dir='ltr'><strong>consideratione</strong></span> <span class='ocrx_word' id='word_1_75' title='bbox 840 1587 913 1651; x_wconf 87' lang='lat' dir='ltr'><strong>satis</strong></span> <span class='ocrx_word' id='word_1_76' title='bbox 945 1594 1103 1664; x_wconf 89' lang='lat' dir='ltr'><strong>constant;</strong></span> <span class='ocrx_word' id='word_1_77' title='bbox 1128 1587 1179 1651; x_wconf 90' lang='lat' dir='ltr'><strong>sed</strong></span> <span class='ocrx_word' id='word_1_78' title='bbox 1206 1586 1336 1672; x_wconf 90' lang='lat' dir='ltr'><strong>primum</strong></span> <span class='ocrx_word' id='word_1_79' title='bbox 1361 1585 1407 1650; x_wconf 92' lang='lat' dir='ltr'><strong>lc-</strong></span> 
     </span>
     <span class='ocr_line' id='line_1_11' title="bbox 315 1697 1407 1783; baseline -0.001 -21"><span class='ocrx_word' id='word_1_80' title='bbox 315 1698 399 1783; x_wconf 86' lang='lat' dir='ltr'><strong>genti</strong></span> <span class='ocrx_word' id='word_1_81' title='bbox 424 1697 497 1762; x_wconf 87' lang='lat' dir='ltr'><strong>haec</strong></span> <span class='ocrx_word' id='word_1_82' title='bbox 521 1697 674 1780; x_wconf 91' lang='lat' dir='ltr'><strong>quomodo</strong></span> <span class='ocrx_word' id='word_1_83' title='bbox 698 1719 768 1760; x_wconf 91' lang='lat' dir='ltr'><strong>curn</strong></span> <span class='ocrx_word' id='word_1_84' title='bbox 792 1718 845 1775; x_wconf 88' lang='lat' dir='ltr'><strong>eo,</strong></span> <span class='ocrx_word' id='word_1_85' title='bbox 870 1697 908 1761; x_wconf 92' lang='lat' dir='ltr'><strong>de</strong></span> <span class='ocrx_word' id='word_1_86' title='bbox 932 1719 992 1781; x_wconf 89' lang='lat' dir='ltr'><strong>quo</strong></span> <span class='ocrx_word' id='word_1_87' title='bbox 1017 1698 1134 1782; x_wconf 86' lang='lat' dir='ltr'><strong>agitur,</strong></span> <span class='ocrx_word' id='word_1_88' title='bbox 1152 1697 1333 1762; x_wconf 84' lang='lat' dir='ltr'><strong>cohaereant</strong></span> <span class='ocrx_word' id='word_1_89' title='bbox 1348 1697 1407 1762; x_wconf 89' lang='lat' dir='ltr'><strong>mi-</strong></span> 
     </span>
     <span class='ocr_line' id='line_1_12' title="bbox 314 1807 1406 1894; baseline -0.002 -20"><span class='ocrx_word' id='word_1_90' title='bbox 314 1810 395 1874; x_wconf 90' lang='lat' dir='ltr'><strong>nime</strong></span> <span class='ocrx_word' id='word_1_91' title='bbox 419 1809 612 1894; x_wconf 87' lang='lat' dir='ltr'><strong>perspicuum</strong></span> <span class='ocrx_word' id='word_1_92' title='bbox 637 1817 691 1872; x_wconf 88' lang='lat' dir='ltr'><strong>est.</strong></span> <span class='ocrx_word' id='word_1_93' title='bbox 739 1807 848 1893; x_wconf 88' lang='lat' dir='ltr'><strong>Neque</strong></span> <span class='ocrx_word' id='word_1_94' title='bbox 872 1809 946 1873; x_wconf 90' lang='lat' dir='ltr'><strong>baec</strong></span> <span class='ocrx_word' id='word_1_95' title='bbox 969 1831 1068 1893; x_wconf 91' lang='lat' dir='ltr'><strong>neque</strong></span> <span class='ocrx_word' id='word_1_96' title='bbox 1090 1808 1144 1873; x_wconf 88' lang='lat' dir='ltr'><strong>illa</strong></span> <span class='ocrx_word' id='word_1_97' title='bbox 1167 1831 1245 1893; x_wconf 90' lang='lat' dir='ltr'><strong>quae</strong></span> <span class='ocrx_word' id='word_1_98' title='bbox 1269 1809 1406 1873; x_wconf 86' lang='lat' dir='ltr'><strong>sectione</strong></span> 
     </span>
     <span class='ocr_line' id='line_1_13' title="bbox 315 1919 1403 2004; baseline -0.001 -19"><span class='ocrx_word' id='word_1_99' title='bbox 315 1921 405 1985; x_wconf 89' lang='lat' dir='ltr'><strong>tertia</strong></span> <span class='ocrx_word' id='word_1_100' title='bbox 427 1920 573 2004; x_wconf 85' lang='lat' dir='ltr'><strong>leguntur</strong></span> <span class='ocrx_word' id='word_1_101' title='bbox 596 1927 689 2004; x_wconf 83' lang='lat' dir='ltr'><strong>caput</strong></span> <span class='ocrx_word' id='word_1_102' title='bbox 712 1942 820 1985; x_wconf 87' lang='lat' dir='ltr'><strong>causae</strong></span> <span class='ocrx_word' id='word_1_103' title='bbox 843 1921 1011 1984; x_wconf 86' lang='lat' dir='ltr'><strong>continent.</strong></span> <span class='ocrx_word' id='word_1_104' title='bbox 1059 1919 1139 1984; x_wconf 89' lang='lat' dir='ltr'><strong>Nam</strong></span> <span class='ocrx_word' id='word_1_105' title='bbox 1162 1919 1403 1998; x_wconf 71' lang='lat' dir='ltr'><strong>fatendumst,</strong></span> 
     </span>
     <span class='ocr_line' id='line_1_14' title="bbox 314 2031 1406 2109; baseline -0.002 -12"><span class='ocrx_word' id='word_1_106' title='bbox 314 2031 432 2096; x_wconf 89' lang='lat' dir='ltr'><strong>etiamsi</strong></span> <span class='ocrx_word' id='word_1_107' title='bbox 454 2031 503 2094; x_wconf 87' lang='lat' dir='ltr'><strong>vel</strong></span> <span class='ocrx_word' id='word_1_108' title='bbox 526 2031 656 2095; x_wconf 88' lang='lat' dir='ltr'><strong>maxime</strong></span> <span class='ocrx_word' id='word_1_109' title='bbox 679 2038 848 2109; x_wconf 90' lang='lat' dir='ltr'><strong>constaret,</strong></span> <span class='ocrx_word' id='word_1_110' title='bbox 874 2031 1039 2096; x_wconf 89' lang='lat' dir='ltr'><strong>amicitiam</strong></span> <span class='ocrx_word' id='word_1_111' title='bbox 1062 2031 1156 2096; x_wconf 88' lang='lat' dir='ltr'><strong>fuisse</strong></span> <span class='ocrx_word' id='word_1_112' title='bbox 1179 2031 1352 2095; x_wconf 88' lang='lat' dir='ltr'><strong>restitutam</strong></span> <span class='ocrx_word' id='word_1_113' title='bbox 1371 2039 1406 2095; x_wconf 92' lang='lat' dir='ltr'><strong>et</strong></span> 
     </span>
     <span class='ocr_line' id='line_1_15' title="bbox 284 2129 1401 2227; baseline -0.003 -19"><span class='ocrx_word' id='word_1_114' title='bbox 284 2129 285 2136; x_wconf 8' lang='grc' dir='ltr'>ἵ</span> <span class='ocrx_word' id='word_1_115' title='bbox 314 2143 455 2208; x_wconf 87' lang='lat' dir='ltr'><strong>ancillam</strong></span> <span class='ocrx_word' id='word_1_116' title='bbox 484 2164 676 2206; x_wconf 87' lang='lat' dir='ltr'><strong>communem</strong></span> <span class='ocrx_word' id='word_1_117' title='bbox 700 2165 764 2206; x_wconf 89' lang='lat' dir='ltr'><strong>esse</strong></span> <span class='ocrx_word' id='word_1_118' title='bbox 788 2143 964 2226; x_wconf 86' lang='lat' dir='ltr'><strong>utriusque,</strong></span> <span class='ocrx_word' id='word_1_119' title='bbox 989 2149 1091 2207; x_wconf 86' lang='lat' dir='ltr'><strong>tamen</strong></span> <span class='ocrx_word' id='word_1_120' title='bbox 1115 2143 1186 2208; x_wconf 89' lang='lat' dir='ltr'><strong>inde</strong></span> <span class='ocrx_word' id='word_1_121' title='bbox 1209 2165 1272 2206; x_wconf 94' lang='lat' dir='ltr'><strong>non</strong></span> <span class='ocrx_word' id='word_1_122' title='bbox 1296 2143 1401 2227; x_wconf 91' lang='lat' dir='ltr'><strong>sequi,</strong></span> 
     </span>
     <span class='ocr_line' id='line_1_16' title="bbox 314 2252 1403 2339; baseline 0.001 -22"><span class='ocrx_word' id='word_1_123' title='bbox 314 2262 351 2318; x_wconf 89' lang='lat' dir='ltr'><strong>ut</strong></span> <span class='ocrx_word' id='word_1_124' title='bbox 379 2261 484 2339; x_wconf 90' lang='lat' dir='ltr'><strong>postea</strong></span> <span class='ocrx_word' id='word_1_125' title='bbox 514 2253 580 2316; x_wconf 82' lang='lat' dir='ltr'><strong>rixa</strong></span> <span class='ocrx_word' id='word_1_126' title='bbox 610 2275 716 2316; x_wconf 87' lang='lat' dir='ltr'><strong>rursus</strong></span> <span class='ocrx_word' id='word_1_127' title='bbox 746 2252 860 2317; x_wconf 86' lang='lat' dir='ltr'><strong>oboriri</strong></span> <span class='ocrx_word' id='word_1_128' title='bbox 890 2276 952 2317; x_wconf 92' lang='lat' dir='ltr'><strong>non</strong></span> <span class='ocrx_word' id='word_1_129' title='bbox 984 2254 1151 2339; x_wconf 89' lang='lat' dir='ltr'><strong>potuisset,</strong></span> <span class='ocrx_word' id='word_1_130' title='bbox 1184 2277 1239 2319; x_wconf 89' lang='lat' dir='ltr'><strong>nee</strong></span> <span class='ocrx_word' id='word_1_131' title='bbox 1265 2277 1335 2319; x_wconf 89' lang='lat' dir='ltr'><strong>reus</strong></span> <span class='ocrx_word' id='word_1_132' title='bbox 1363 2254 1403 2318; x_wconf 90' lang='lat' dir='ltr'><strong>ad</strong></span> 
     </span>
     <span class='ocr_line' id='line_1_17' title="bbox 315 2363 1440 2449; baseline 0.001 -20"><span class='ocrx_word' id='word_1_133' title='bbox 315 2388 445 2429; x_wconf 90' lang='lat' dir='ltr'><strong>amorem</strong></span> <span class='ocrx_word' id='word_1_134' title='bbox 479 2364 537 2429; x_wconf 93' lang='lat' dir='ltr'><strong>sibi</strong></span> <span class='ocrx_word' id='word_1_135' title='bbox 568 2363 704 2428; x_wconf 90' lang='lat' dir='ltr'><strong>debiturn</strong></span> <span class='ocrx_word' id='word_1_136' title='bbox 735 2365 919 2449; x_wconf 89' lang='lat' dir='ltr'><strong>captandum</strong></span> <span class='ocrx_word' id='word_1_137' title='bbox 944 2364 1069 2430; x_wconf 88' lang='lat' dir='ltr'><strong>domum</strong></span> <span class='ocrx_word' id='word_1_138' title='bbox 1093 2364 1256 2430; x_wconf 87' lang='lat' dir='ltr'><strong>adversarii</strong></span> <span class='ocrx_word' id='word_1_139' title='bbox 1277 2367 1402 2430; x_wconf 87' lang='lat' dir='ltr'><strong>intrare.</strong></span> <span class='ocrx_word' id='word_1_140' title='bbox 1431 2371 1440 2382; x_wconf 76' lang='grc'><strong>“</strong></span> 
     </span>
     <span class='ocr_line' id='line_1_18' title="bbox 315 2467 1401 2560; baseline 0.004 -22"><span class='ocrx_word' id='word_1_141' title='bbox 315 2475 356 2539; x_wconf 80' lang='lat' dir='ltr'><strong>Et</strong></span> <span class='ocrx_word' id='word_1_142' title='bbox 386 2497 456 2540; x_wconf 88' lang='lat' dir='ltr'><strong>vero</strong></span> <span class='ocrx_word' id='word_1_143' title='bbox 479 2467 544 2560; x_wconf 86' lang='lat' dir='ltr'><strong>ipse</strong></span> <span class='ocrx_word' id='word_1_144' title='bbox 568 2477 708 2560; x_wconf 64' lang='lat' dir='ltr'><strong>oratorb</strong></span> <span class='ocrx_word' id='word_1_145' title='bbox 736 2477 772 2538; x_wconf 83' lang='lat'><strong>5:</strong></span> <span class='ocrx_word' id='word_1_146' title='bbox 797 2477 868 2541; x_wconf 68' lang='grc' dir='ltr'><strong>ἀλλ’</strong></span> <span class='ocrx_word' id='word_1_147' title='bbox 898 2471 927 2548; x_wconf 76' lang='grc' dir='ltr'><strong>ἦν</strong></span> <span class='ocrx_word' id='word_1_148' title='bbox 950 2478 974 2542; x_wconf 78' lang='grc' dir='ltr'><strong>εἰ</strong></span> <span class='ocrx_word' id='word_1_149' title='bbox 997 2477 1138 2554; x_wconf 70' lang='grc' dir='ltr'><strong>βούλεται</strong></span> <span class='ocrx_word' id='word_1_150' title='bbox 1162 2477 1279 2558; x_wconf 78' lang='grc' dir='ltr'><em>ἐχθρός·</em></span> <span class='ocrx_word' id='word_1_151' title='bbox 1303 2477 1401 2556; x_wconf 73' lang='grc' dir='ltr'><strong><em>δίδωμι</em></strong></span> 
     </span>
     <span class='ocr_line' id='line_1_19' title="bbox 304 2584 1402 2674; baseline 0 -23"><span class='ocrx_word' id='word_1_152' title='bbox 304 2584 374 2666; x_wconf 70' lang='grc' dir='ltr'><strong>’γὰρ</strong></span> <span class='ocrx_word' id='word_1_153' title='bbox 398 2589 476 2668; x_wconf 60' lang='grc' dir='ltr'><strong>αὐτῷ</strong></span> <span class='ocrx_word' id='word_1_154' title='bbox 502 2592 603 2652; x_wconf 77' lang='grc' dir='ltr'><em>τοῦτο·</em></span> <span class='ocrx_word' id='word_1_155' title='bbox 627 2587 723 2652; x_wconf 70' lang='grc' dir='ltr'><em>οὐδὲν</em></span> <span class='ocrx_word' id='word_1_156' title='bbox 747 2587 817 2666; x_wconf 70' lang='grc' dir='ltr'><strong>γὰρ</strong></span> <span class='ocrx_word' id='word_1_157' title='bbox 842 2587 1010 2668; x_wconf 73' lang='grc' dir='ltr'><em>διαφέρει.</em></span> <span class='ocrx_word' id='word_1_158' title='bbox 1045 2587 1145 2672; x_wconf 84' lang='lat' dir='ltr'><strong>Magis</strong></span> <span class='ocrx_word' id='word_1_159' title='bbox 1162 2588 1321 2674; x_wconf 89' lang='lat' dir='ltr'><strong>perspicua</strong></span> <span class='ocrx_word' id='word_1_160' title='bbox 1337 2588 1402 2652; x_wconf 88' lang='lat' dir='ltr'><strong>sine</strong></span> 
     </span>
     <span class='ocr_line' id='line_1_20' title="bbox 316 2697 1405 2784; baseline 0.001 -22"><span class='ocrx_word' id='word_1_161' title='bbox 316 2699 518 2763; x_wconf 87' lang='lat' dir='ltr'><strong>controversia</strong></span> <span class='ocrx_word' id='word_1_162' title='bbox 542 2698 630 2776; x_wconf 90' lang='lat' dir='ltr'><strong>haec,</strong></span> <span class='ocrx_word' id='word_1_163' title='bbox 655 2720 733 2782; x_wconf 89' lang='lat' dir='ltr'><strong>quae</strong></span> <span class='ocrx_word' id='word_1_164' title='bbox 748 2698 837 2762; x_wconf 88' lang='lat' dir='ltr'><strong>initio</strong></span> <span class='ocrx_word' id='word_1_165' title='bbox 856 2698 1002 2762; x_wconf 88' lang='lat' dir='ltr'><strong>orationis</strong></span> <span class='ocrx_word' id='word_1_166' title='bbox 1018 2697 1180 2783; x_wconf 86' lang='lat' dir='ltr'><strong>leguntur,</strong></span> <span class='ocrx_word' id='word_1_167' title='bbox 1197 2699 1323 2764; x_wconf 86' lang='lat' dir='ltr'><strong>fuerunt</strong></span> <span class='ocrx_word' id='word_1_168' title='bbox 1334 2708 1405 2784; x_wconf 92' lang='lat' dir='ltr'><strong>post</strong></span> 
     </span>
     <span class='ocr_line' id='line_1_21' title="bbox 247 2807 1403 2894; baseline 0.001 -20"><span class='ocrx_word' id='word_1_169' title='bbox 247 2815 251 2823; x_wconf 90' lang='grc'><strong><em>’</em></strong></span> <span class='ocrx_word' id='word_1_170' title='bbox 316 2831 424 2874; x_wconf 88' lang='lat' dir='ltr'><strong>causae</strong></span> <span class='ocrx_word' id='word_1_171' title='bbox 448 2815 684 2886; x_wconf 80' lang='lat' dir='ltr'><strong>enarrationem,</strong></span> <span class='ocrx_word' id='word_1_172' title='bbox 709 2831 787 2894; x_wconf 91' lang='lat' dir='ltr'><strong>quae</strong></span> <span class='ocrx_word' id='word_1_173' title='bbox 811 2807 1011 2894; x_wconf 83' lang='lat' dir='ltr'><strong>praecedebat</strong></span> <span class='ocrx_word' id='word_1_174' title='bbox 1034 2816 1065 2872; x_wconf 92' lang='lat' dir='ltr'><strong>et</strong></span> <span class='ocrx_word' id='word_1_175' title='bbox 1088 2831 1124 2872; x_wconf 85' lang='lat' dir='ltr'><strong>ex</strong></span> <span class='ocrx_word' id='word_1_176' title='bbox 1148 2811 1340 2875; x_wconf 88' lang='lat' dir='ltr'><strong>accusatione</strong></span> <span class='ocrx_word' id='word_1_177' title='bbox 1363 2811 1403 2875; x_wconf 89' lang='lat' dir='ltr'><strong>ad</strong></span> 
     </span>
     <span class='ocr_line' id='line_1_22' title="bbox 316 2918 1402 3004; baseline 0.003 -20"><span class='ocrx_word' id='word_1_178' title='bbox 316 2943 408 3004; x_wconf 91' lang='lat' dir='ltr'><strong>quam</strong></span> <span class='ocrx_word' id='word_1_179' title='bbox 430 2918 632 3004; x_wconf 87' lang='lat' dir='ltr'><strong>respondetur</strong></span> <span class='ocrx_word' id='word_1_180' title='bbox 639 2945 648 2997; x_wconf 86' lang='lat'>;</span> <span class='ocrx_word' id='word_1_181' title='bbox 673 2918 726 2984; x_wconf 89' lang='lat' dir='ltr'><strong>sed</strong></span> <span class='ocrx_word' id='word_1_182' title='bbox 750 2919 847 2983; x_wconf 89' lang='lat' dir='ltr'><strong>maius</strong></span> <span class='ocrx_word' id='word_1_183' title='bbox 870 2926 1057 2985; x_wconf 89' lang='lat' dir='ltr'><strong>momentum</strong></span> <span class='ocrx_word' id='word_1_184' title='bbox 1076 2919 1115 2983; x_wconf 90' lang='lat' dir='ltr'><strong>ad</strong></span> <span class='ocrx_word' id='word_1_185' title='bbox 1131 2919 1402 2987; x_wconf 89' lang='lat' dir='ltr'><strong>demonstrandum</strong></span> 
     </span>
     <span class='ocr_line' id='line_1_23' title="bbox 316 3030 1401 3118; baseline 0.001 -22"><span class='ocrx_word' id='word_1_186' title='bbox 316 3054 377 3096; x_wconf 90' lang='lat' dir='ltr'><strong>non</strong></span> <span class='ocrx_word' id='word_1_187' title='bbox 401 3030 488 3095; x_wconf 86' lang='lat' dir='ltr'><strong>facile</strong></span> <span class='ocrx_word' id='word_1_188' title='bbox 512 3030 622 3095; x_wconf 86' lang='lat' dir='ltr'><strong>habere</strong></span> <span class='ocrx_word' id='word_1_189' title='bbox 645 3038 821 3116; x_wconf 87' lang='lat' dir='ltr'><strong>potuerunt.</strong></span> <span class='ocrx_word' id='word_1_190' title='bbox 858 3031 961 3111; x_wconf 76' lang='lat' dir='ltr'><strong>Quare</strong></span> <span class='ocrx_word' id='word_1_191' title='bbox 980 3053 1018 3095; x_wconf 90' lang='lat' dir='ltr'><strong>ne</strong></span> <span class='ocrx_word' id='word_1_192' title='bbox 1033 3031 1066 3094; x_wconf 92' lang='lat' dir='ltr'><strong>in</strong></span> <span class='ocrx_word' id='word_1_193' title='bbox 1081 3031 1262 3118; x_wconf 78' lang='lat' dir='ltr'><strong>refutatione</strong></span> <span class='ocrx_word' id='word_1_194' title='bbox 1278 3032 1401 3116; x_wconf 88' lang='lat' dir='ltr'><strong>quidem</strong></span> 
     </span>
     <span class='ocr_line' id='line_1_24' title="bbox 318 3141 1075 3230; baseline 0.003 -24"><span class='ocrx_word' id='word_1_195' title='bbox 318 3143 392 3207; x_wconf 88' lang='lat' dir='ltr'><strong>haec</strong></span> <span class='ocrx_word' id='word_1_196' title='bbox 415 3141 547 3227; x_wconf 89' lang='lat' dir='ltr'><strong>primurn</strong></span> <span class='ocrx_word' id='word_1_197' title='bbox 571 3142 673 3208; x_wconf 89' lang='lat' dir='ltr'><strong>locum</strong></span> <span class='ocrx_word' id='word_1_198' title='bbox 696 3166 863 3230; x_wconf 88' lang='lat' dir='ltr'><strong>occupasse</strong></span> <span class='ocrx_word' id='word_1_199' title='bbox 886 3143 1075 3208; x_wconf 87' lang='lat' dir='ltr'><strong>crediderim.</strong></span> 
     </span>
    </p>

    <p class='ocr_par' dir='ltr' id='par_1_3' title="bbox 315 3253 1404 4455">
     <span class='ocr_line' id='line_1_25' title="bbox 362 3253 1404 3340; baseline 0.001 -23"><span class='ocrx_word' id='word_1_200' title='bbox 362 3253 445 3317; x_wconf 91' lang='lat' dir='ltr'><strong>Nolo</strong></span> <span class='ocrx_word' id='word_1_201' title='bbox 474 3277 607 3339; x_wconf 86' lang='lat' dir='ltr'><strong>premere</strong></span> <span class='ocrx_word' id='word_1_202' title='bbox 632 3256 835 3340; x_wconf 88' lang='lat' dir='ltr'><strong>suspicionem</strong></span> <span class='ocrx_word' id='word_1_203' title='bbox 859 3277 972 3319; x_wconf 91' lang='lat' dir='ltr'><strong>nonam</strong></span> <span class='ocrx_word' id='word_1_204' title='bbox 995 3276 1117 3340; x_wconf 87' lang='lat' dir='ltr'><strong>quoque</strong></span> <span class='ocrx_word' id='word_1_205' title='bbox 1142 3253 1306 3318; x_wconf 89' lang='lat' dir='ltr'><strong>sectionem</strong></span> <span class='ocrx_word' id='word_1_206' title='bbox 1328 3254 1404 3318; x_wconf 90' lang='lat' dir='ltr'><strong>lace·</strong></span> 
     </span>
     <span class='ocr_line' id='line_1_26' title="bbox 316 3363 1401 3450; baseline -0.001 -20"><span class='ocrx_word' id='word_1_207' title='bbox 316 3389 380 3430; x_wconf 91' lang='lat' dir='ltr'><strong>ram</strong></span> <span class='ocrx_word' id='word_1_208' title='bbox 403 3377 477 3429; x_wconf 86' lang='lat' dir='ltr'><strong>esse.</strong></span> <span class='ocrx_word' id='word_1_209' title='bbox 524 3364 562 3428; x_wconf 94' lang='lat' dir='ltr'><strong>In</strong></span> <span class='ocrx_word' id='word_1_210' title='bbox 586 3364 794 3449; x_wconf 89' lang='lat' dir='ltr'><strong>superioribus</strong></span> <span class='ocrx_word' id='word_1_211' title='bbox 817 3387 878 3428; x_wconf 93' lang='lat' dir='ltr'><strong>non</strong></span> <span class='ocrx_word' id='word_1_212' title='bbox 901 3387 966 3429; x_wconf 89' lang='lat' dir='ltr'><strong>rem</strong></span> <span class='ocrx_word' id='word_1_213' title='bbox 989 3372 1106 3450; x_wconf 84' lang='lat' dir='ltr'><strong>gestam</strong></span> <span class='ocrx_word' id='word_1_214' title='bbox 1129 3363 1274 3429; x_wconf 86' lang='lat' dir='ltr'><strong>describit</strong></span> <span class='ocrx_word' id='word_1_215' title='bbox 1290 3373 1401 3443; x_wconf 85' lang='lat' dir='ltr'><strong>orator,</strong></span> 
     </span>
     <span class='ocr_line' id='line_1_27' title="bbox 317 3471 1404 3562; baseline -0.001 -21"><span class='ocrx_word' id='word_1_216' title='bbox 317 3477 369 3541; x_wconf 90' lang='lat' dir='ltr'><strong>sed</strong></span> <span class='ocrx_word' id='word_1_217' title='bbox 393 3499 428 3540; x_wconf 88' lang='lat' dir='ltr'><strong>ex</strong></span> <span class='ocrx_word' id='word_1_218' title='bbox 452 3477 603 3561; x_wconf 88' lang='lat' dir='ltr'><strong>praesenti</strong></span> <span class='ocrx_word' id='word_1_219' title='bbox 627 3485 761 3562; x_wconf 89' lang='lat' dir='ltr'><strong>tempore</strong></span> <span class='ocrx_word' id='word_1_220' title='bbox 788 3484 912 3562; x_wconf 87' lang='lat' dir='ltr'><strong>apparet</strong></span> <span class='ocrx_word' id='word_1_221' title='bbox 939 3471 1045 3540; x_wconf 86' lang='lat' dir='ltr'><strong>notare</strong></span> <span class='ocrx_word' id='word_1_222' title='bbox 1067 3476 1157 3542; x_wconf 91' lang='lat' dir='ltr'><strong>illum</strong></span> <span class='ocrx_word' id='word_1_223' title='bbox 1180 3499 1277 3542; x_wconf 90' lang='lat' dir='ltr'><strong>mores</strong></span> <span class='ocrx_word' id='word_1_224' title='bbox 1302 3475 1404 3540; x_wconf 89' lang='lat' dir='ltr'><strong>adver·</strong></span> 
     </span>
     <span class='ocr_line' id='line_1_28' title="bbox 317 3585 1404 3672; baseline -0.003 -18"><span class='ocrx_word' id='word_1_225' title='bbox 317 3590 388 3660; x_wconf 88' lang='lat' dir='ltr'><strong>sarii</strong></span> <span class='ocrx_word' id='word_1_226' title='bbox 412 3597 442 3654; x_wconf 91' lang='lat' dir='ltr'><strong>et</strong></span> <span class='ocrx_word' id='word_1_227' title='bbox 465 3586 609 3664; x_wconf 84' lang='lat' dir='ltr'><strong>ancillae,</strong></span> <span class='ocrx_word' id='word_1_228' title='bbox 635 3587 739 3671; x_wconf 90' lang='lat' dir='ltr'><strong>quales</strong></span> <span class='ocrx_word' id='word_1_229' title='bbox 763 3587 855 3672; x_wconf 82' lang='lat' dir='ltr'><strong>vuigo</strong></span> <span class='ocrx_word' id='word_1_230' title='bbox 879 3609 911 3651; x_wconf 91' lang='lat' dir='ltr'><strong>se</strong></span> <span class='ocrx_word' id='word_1_231' title='bbox 934 3587 1097 3651; x_wconf 88' lang='lat' dir='ltr'><strong>ostendant</strong></span> <span class='ocrx_word' id='word_1_232' title='bbox 1119 3585 1245 3670; x_wconf 75' lang='grc' dir='ltr'><strong>(ὀξύχειρ</strong></span> <span class='ocrx_word' id='word_1_233' title='bbox 1267 3589 1335 3652; x_wconf 74' lang='grc' dir='ltr'><strong>λίαν</strong></span> <span class='ocrx_word' id='word_1_234' title='bbox 1355 3587 1404 3651; x_wconf 73' lang='grc' dir='ltr'><strong>καὶ</strong></span> 
     </span>
     <span class='ocr_line' id='line_1_29' title="bbox 316 3699 1402 3788; baseline -0.003 -22"><span class='ocrx_word' id='word_1_235' title='bbox 316 3701 444 3782; x_wconf 69' lang='grc' dir='ltr'><strong>πάροινός</strong></span> <span class='ocrx_word' id='word_1_236' title='bbox 473 3702 550 3764; x_wconf 80' lang='grc' dir='ltr'><em>ἐστιν</em></span> <span class='ocrx_word' id='word_1_237' title='bbox 573 3736 618 3748; x_wconf 87' lang='lat'><em>-</em></span> <span class='ocrx_word' id='word_1_238' title='bbox 640 3699 757 3776; x_wconf 68' lang='grc' dir='ltr'><strong>ἀνάγκη</strong></span> <span class='ocrx_word' id='word_1_239' title='bbox 781 3700 805 3763; x_wconf 78' lang='grc' dir='ltr'><strong>δ’</strong></span> <span class='ocrx_word' id='word_1_240' title='bbox 820 3700 986 3777; x_wconf 66' lang='grc' dir='ltr'><em>ἀμύνασθαι</em></span> <span class='ocrx_word' id='word_1_241' title='bbox 1009 3739 1071 3788; x_wconf 58' lang='lat'><strong>—2</strong></span> <span class='ocrx_word' id='word_1_242' title='bbox 1096 3703 1113 3777; x_wconf 77' lang='grc' dir='ltr'><strong><em>ἡ</em></strong></span> <span class='ocrx_word' id='word_1_243' title='bbox 1136 3700 1165 3764; x_wconf 74' lang='grc' dir='ltr'><strong>δὲ</strong></span> <span class='ocrx_word' id='word_1_244' title='bbox 1187 3700 1253 3764; x_wconf 76' lang='grc' dir='ltr'><strong>τοτὲ</strong></span> <span class='ocrx_word' id='word_1_245' title='bbox 1275 3699 1328 3778; x_wconf 77' lang='grc' dir='ltr'><strong>μὲν</strong></span> <span class='ocrx_word' id='word_1_246' title='bbox 1350 3700 1402 3777; x_wconf 78' lang='grc' dir='ltr'><strong>ἐμὲ</strong></span> 
     </span>
     <span class='ocr_line' id='line_1_30' title="bbox 315 3809 1404 3896; baseline -0.004 -18"><span class='ocrx_word' id='word_1_247' title='bbox 315 3813 378 3894; x_wconf 76' lang='grc' dir='ltr'><strong>περ)</strong></span> <span class='ocrx_word' id='word_1_248' title='bbox 403 3817 530 3893; x_wconf 77' lang='grc' dir='ltr'><strong>πολλοῦ,</strong></span> <span class='ocrx_word' id='word_1_249' title='bbox 554 3811 621 3876; x_wconf 80' lang='grc' dir='ltr'><strong>τοτὲ</strong></span> <span class='ocrx_word' id='word_1_250' title='bbox 643 3811 672 3875; x_wconf 77' lang='grc' dir='ltr'><strong>δὲ</strong></span> <span class='ocrx_word' id='word_1_251' title='bbox 694 3809 794 3876; x_wconf 78' lang='grc' dir='ltr'><strong><em>τοῦτόν</em></strong></span> <span class='ocrx_word' id='word_1_252' title='bbox 816 3819 889 3893; x_wconf 77' lang='grc' dir='ltr'><strong>φησι</strong></span> <span class='ocrx_word' id='word_1_253' title='bbox 910 3814 1079 3896; x_wconf 70' lang='grc' dir='ltr'><strong>ποιεῖσθαι),</strong></span> <span class='ocrx_word' id='word_1_254' title='bbox 1107 3819 1172 3876; x_wconf 91' lang='lat' dir='ltr'><strong>tum</strong></span> <span class='ocrx_word' id='word_1_255' title='bbox 1196 3812 1235 3875; x_wconf 89' lang='lat' dir='ltr'><strong>ad</strong></span> <span class='ocrx_word' id='word_1_256' title='bbox 1257 3811 1404 3875; x_wconf 89' lang='lat' dir='ltr'><strong>narratio·</strong></span> 
     </span>
     <span class='ocr_line' id='line_1_31' title="bbox 316 3917 1401 4006; baseline -0.003 -17"><span class='ocrx_word' id='word_1_257' title='bbox 316 3948 384 3990; x_wconf 90' lang='lat' dir='ltr'><strong>nem</strong></span> <span class='ocrx_word' id='word_1_258' title='bbox 415 3923 541 3986; x_wconf 88' lang='lat' dir='ltr'><strong>transit:</strong></span> <span class='ocrx_word' id='word_1_259' title='bbox 573 3922 622 3986; x_wconf 72' lang='grc' dir='ltr'><strong>καὶ</strong></span> <span class='ocrx_word' id='word_1_260' title='bbox 654 3923 711 3998; x_wconf 73' lang='grc' dir='ltr'><strong>ἐγὼ</strong></span> <span class='ocrx_word' id='word_1_261' title='bbox 742 3925 794 3995; x_wconf 69' lang='grc' dir='ltr'><strong>μὲν</strong></span> <span class='ocrx_word' id='word_1_262' title='bbox 825 3925 874 3987; x_wconf 70' lang='grc' dir='ltr'><strong>καὶ</strong></span> <span class='ocrx_word' id='word_1_263' title='bbox 905 3921 938 4000; x_wconf 80' lang='grc' dir='ltr'><strong>ἐξ</strong></span> <span class='ocrx_word' id='word_1_264' title='bbox 965 3924 1059 4006; x_wconf 69' lang='grc' dir='ltr'><em>ἀρχῆς</em></span> <span class='ocrx_word' id='word_1_265' title='bbox 1083 3922 1207 4006; x_wconf 68' lang='grc' dir='ltr'><strong><em>εὐκόλως</em></strong></span> <span class='ocrx_word' id='word_1_266' title='bbox 1229 3917 1327 4005; x_wconf 77' lang='grc' dir='ltr'><strong><em>εἶχον,</em></strong></span> <span class='ocrx_word' id='word_1_267' title='bbox 1352 3922 1401 3986; x_wconf 68' lang='grc' dir='ltr'><strong>καὶ</strong></span> 
     </span>
     <span class='ocr_line' id='line_1_32' title="bbox 315 4032 1399 4116; baseline -0.006 -14"><span class='ocrx_word' id='word_1_268' title='bbox 315 4042 362 4101; x_wconf 79' lang='grc' dir='ltr'><strong>νῦν</strong></span> <span class='ocrx_word' id='word_1_269' title='bbox 386 4035 427 4100; x_wconf 78' lang='grc' dir='ltr'><strong>ἔτι</strong></span> <span class='ocrx_word' id='word_1_270' title='bbox 452 4033 529 4116; x_wconf 73' lang='grc' dir='ltr'><strong>ἔχω,</strong></span> <span class='ocrx_word' id='word_1_271' title='bbox 553 4054 614 4116; x_wconf 91' lang='lat' dir='ltr'><strong>quo</strong></span> <span class='ocrx_word' id='word_1_272' title='bbox 642 4032 729 4097; x_wconf 87' lang='lat' dir='ltr'><strong>facile</strong></span> <span class='ocrx_word' id='word_1_273' title='bbox 758 4032 958 4098; x_wconf 88' lang='lat' dir='ltr'><strong>divinandum</strong></span> <span class='ocrx_word' id='word_1_274' title='bbox 982 4032 1034 4098; x_wconf 87' lang='lat' dir='ltr'><strong>dat</strong></span> <span class='ocrx_word' id='word_1_275' title='bbox 1057 4057 1089 4098; x_wconf 92' lang='lat' dir='ltr'><strong>se</strong></span> <span class='ocrx_word' id='word_1_276' title='bbox 1112 4056 1130 4097; x_wconf 94' lang='lat' dir='ltr'><strong>a</strong></span> <span class='ocrx_word' id='word_1_277' title='bbox 1153 4033 1182 4096; x_wconf 86' lang='lat' dir='ltr'><strong>vi</strong></span> <span class='ocrx_word' id='word_1_278' title='bbox 1206 4033 1399 4097; x_wconf 88' lang='lat' dir='ltr'><strong>abstinuisse.</strong></span> 
     </span>
     <span class='ocr_line' id='line_1_33' title="bbox 315 4143 1401 4229; baseline -0.004 -17"><span class='ocrx_word' id='word_1_279' title='bbox 315 4149 394 4212; x_wconf 84' lang='lat' dir='ltr'><strong>Tum</strong></span> <span class='ocrx_word' id='word_1_280' title='bbox 418 4143 622 4210; x_wconf 86' lang='lat' dir='ltr'><strong>adversarium</strong></span> <span class='ocrx_word' id='word_1_281' title='bbox 646 4145 789 4229; x_wconf 88' lang='lat' dir='ltr'><strong>opponit,</strong></span> <span class='ocrx_word' id='word_1_282' title='bbox 820 4145 852 4209; x_wconf 87' lang='lat' dir='ltr'><strong>in</strong></span> <span class='ocrx_word' id='word_1_283' title='bbox 876 4167 967 4229; x_wconf 88' lang='lat' dir='ltr'><strong>quem</strong></span> <span class='ocrx_word' id='word_1_284' title='bbox 990 4169 1080 4210; x_wconf 92' lang='lat' dir='ltr'><strong>omne</strong></span> <span class='ocrx_word' id='word_1_285' title='bbox 1103 4145 1215 4210; x_wconf 89' lang='lat' dir='ltr'><strong>crimen</strong></span> <span class='ocrx_word' id='word_1_286' title='bbox 1240 4144 1401 4209; x_wconf 90' lang='lat' dir='ltr'><strong>violentiae</strong></span> 
     </span>
     <span class='ocr_line' id='line_1_34' title="bbox 316 4255 1399 4343; baseline -0.005 -18"><span class='ocrx_word' id='word_1_287' title='bbox 316 4266 379 4325; x_wconf 90' lang='lat' dir='ltr'><strong>erat</strong></span> <span class='ocrx_word' id='word_1_288' title='bbox 409 4255 648 4339; x_wconf 86' lang='lat' dir='ltr'><strong>retorquendum</strong></span> <span class='ocrx_word' id='word_1_289' title='bbox 655 4282 664 4333; x_wconf 90' lang='lat'>;</span> <span class='ocrx_word' id='word_1_290' title='bbox 694 4257 726 4320; x_wconf 90' lang='lat' dir='ltr'><strong>id</strong></span> <span class='ocrx_word' id='word_1_291' title='bbox 750 4257 839 4323; x_wconf 89' lang='lat' dir='ltr'><strong>illum</strong></span> <span class='ocrx_word' id='word_1_292' title='bbox 861 4259 1014 4322; x_wconf 88' lang='lat' dir='ltr'><strong>facturum</strong></span> <span class='ocrx_word' id='word_1_293' title='bbox 1038 4264 1192 4343; x_wconf 84' lang='lat' dir='ltr'><strong>exspectes</strong></span> <span class='ocrx_word' id='word_1_294' title='bbox 1216 4265 1286 4342; x_wconf 88' lang='lat' dir='ltr'><strong>post</strong></span> <span class='ocrx_word' id='word_1_295' title='bbox 1308 4257 1399 4322; x_wconf 91' lang='lat' dir='ltr'><strong>verba</strong></span> 
     </span>
     <span class='ocr_line' id='line_1_35' title="bbox 315 4367 1400 4455; baseline -0.006 -18"><span class='ocrx_word' id='word_1_296' title='bbox 315 4367 374 4437; x_wconf 75' lang='grc' dir='ltr'><strong>ὅδ’</strong></span> <span class='ocrx_word' id='word_1_297' title='bbox 391 4371 429 4438; x_wconf 77' lang='grc' dir='ltr'><strong>εἰς</strong></span> <span class='ocrx_word' id='word_1_298' title='bbox 460 4373 543 4431; x_wconf 81' lang='grc' dir='ltr'><em>τοῦτο</em></span> <span class='ocrx_word' id='word_1_299' title='bbox 573 4368 798 4448; x_wconf 69' lang='grc' dir='ltr'><strong><em>βαρυδαιμονίας</em></strong></span> <span class='ocrx_word' id='word_1_300' title='bbox 828 4368 902 4446; x_wconf 72' lang='grc' dir='ltr'><em>ἥκει,</em></span> <span class='ocrx_word' id='word_1_301' title='bbox 937 4376 972 4433; x_wconf 91' lang='lat' dir='ltr'><strong>ut</strong></span> <span class='ocrx_word' id='word_1_302' title='bbox 995 4375 1164 4455; x_wconf 85' lang='lat' dir='ltr'><strong>sequantur</strong></span> <span class='ocrx_word' id='word_1_303' title='bbox 1187 4369 1260 4432; x_wconf 89' lang='lat' dir='ltr'><strong>haec</strong></span> <span class='ocrx_word' id='word_1_304' title='bbox 1284 4376 1338 4432; x_wconf 89' lang='lat' dir='ltr'><strong>aut</strong></span> <span class='ocrx_word' id='word_1_305' title='bbox 1361 4369 1400 4431; x_wconf 89' lang='lat' dir='ltr'><strong>si·</strong></span> 
     </span>
    </p>
   </div>
   <div class='ocr_carea' id='block_1_3' title="bbox 316 4475 1399 4563">
    <p class='ocr_par' dir='ltr' id='par_1_4' title="bbox 316 4475 1399 4563">
     <span class='ocr_line' id='line_1_36' title="bbox 316 4475 1399 4563; baseline -0.006 -13"><span class='ocrx_word' id='word_1_306' title='bbox 316 4481 413 4550; x_wconf 87' lang='lat' dir='ltr'><strong>milia:</strong></span> <span class='ocrx_word' id='word_1_307' title='bbox 434 4475 500 4544; x_wconf 76' lang='grc' dir='ltr'><strong>ὥστ’</strong></span> <span class='ocrx_word' id='word_1_308' title='bbox 517 4479 570 4557; x_wconf 76' lang='grc' dir='ltr'><strong>ἐμὲ</strong></span> <span class='ocrx_word' id='word_1_309' title='bbox 590 4478 707 4563; x_wconf 57' lang='lat' dir='ltr'><strong>aialdu,</strong></span> <span class='ocrx_word' id='word_1_310' title='bbox 729 4479 778 4546; x_wconf 71' lang='lat' dir='ltr'><strong>aa)</strong></span> <span class='ocrx_word' id='word_1_311' title='bbox 799 4479 849 4547; x_wconf 73' lang='grc' dir='ltr'><strong>ἐὰν</strong></span> <span class='ocrx_word' id='word_1_312' title='bbox 865 4481 968 4547; x_wconf 65' lang='grc' dir='ltr'><strong><em>ἀδίκων</em></strong></span> <span class='ocrx_word' id='word_1_313' title='bbox 984 4486 1086 4562; x_wconf 77' lang='grc' dir='ltr'><em>χειρῶν</em></span> <span class='ocrx_word' id='word_1_314' title='bbox 1103 4478 1194 4561; x_wconf 61' lang='lat' dir='ltr'><strong>tatae</strong></span> <span class='ocrx_word' id='word_1_315' title='bbox 1212 4479 1333 4558; x_wconf 66' lang='grc' dir='ltr'><strong>πληγὰς</strong></span> <span class='ocrx_word' id='word_1_316' title='bbox 1349 4480 1399 4544; x_wconf 82' lang='grc' dir='ltr'><strong>ὑπ’</strong></span> 
     </span>
    </p>
   </div>
   <div class='ocr_carea' id='block_1_4' title="bbox 0 0 1569 5208">
    <p class='ocr_par' dir='ltr' id='par_1_5' title="bbox 0 0 1569 5208">
     <span class='ocr_line' id='line_1_37' title="bbox 0 0 1569 5208; baseline 0 0"><span class='ocrx_word' id='word_1_317' title='bbox 0 0 1569 5208; x_wconf 95' lang='lat' dir='ltr'><strong> </strong></span> 
     </span>
    </p>
   </div>
  </div>
 </body>
</html>
