3126 5210
595 451 654 515 157

391 687 471 730 xxti.
502 692 577 732 ΚΑΤΑ
592 693 655 732 ΤΩΝ
671 691 854 731 ΣΠΟΠΩΛΩΝ.

31 945 32 952 ,
139 892 154 974 q
177 893 202 954 l.
233 890 342 970 Multi,
362 890 481 974 inquit,
501 889 603 953 mirati
620 896 707 967 sunt,
725 886 808 972 quod
827 907 884 972 ego
900 886 1065 956 σιτοσώοιοις
1082 885 1115 948 in
1130 905 1173 947 se·

103 1009 166 1064 natu
181 1023 344 1065 accusarem
366 998 420 1084 (ότι
441 1001 498 1078 ἐγὼ
518 1005 574 1064 σῶν
590 1005 755 1065 σιτοπωλῶν
774 1001 803 1062 ἕο
816 1005 853 1078 τῇ
865 996 959 1077 βουλῇ
973 993 1171 1078 κατηγόρουν).

102 1108 163 1173 Non
192 1111 336 1195 putabant
359 1111 440 1174 enim
466 1116 618 1174 oratorem
643 1107 851 1193 sycophantae
875 1105 953 1170 velle
977 1104 1109 1170 similem
1133 1105 1174 1168 vi·

101 1221 156 1285 deri
163 1248 172 1299 3
202 1232 230 1286 ct
257 1231 361 1285 tamen
393 1219 584 1285 criminando
613 1219 696 1306 apud
720 1227 861 1282 senatum
886 1215 1019 1280 efficiens
1042 1223 1078 1278 ut
1101 1239 1174 1280 σιτο-

98 1338 298 1397 condacense
320 1341 471 1416 tanquam
494 1331 656 1394 noxiorum
681 1329 718 1393 ad
742 1327 894 1392 iudicium
918 1326 1087 1390 deferretur
1103 1324 1173 1388 talis

95 1442 179 1507 videri
207 1450 336 1528 poterat.
383 1441 457 1506 Non
488 1443 586 1526 igitur
617 1441 752 1504 sollicito
783 1438 825 1506 ότι
855 1461 911 1524 pro
934 1460 996 1523 qno
1020 1436 1174 1521 Sauppius

94 1553 142 1618 ότι.
173 1593 215 1604 -
237 1553 392 1618 Dicebant
416 1553 506 1616 amici
531 1553 585 1636 (sic
610 1553 711 1638 pergit
734 1553 848 1635 orator)
871 1547 914 1615 ότι
939 1551 1022 1626 ὑμεῖς
1045 1547 1175 1631 (iudices

94 1690 114 1729 s.
139 1666 298 1750 populus),
323 1666 347 1730 εἰ
371 1666 408 1736 ὥς
432 1664 558 1742 μάλιστ’
582 1665 687 1734 αὐτοὺς
712 1663 789 1746 (τοὺς
814 1663 885 1744 σισ.)
908 1661 1016 1726 ἀδικεῖν
1039 1661 1173 1741 ἡγεῖσθε,

98 1777 163 1841 οὐδὲν
192 1775 273 1853 ἧσσον
305 1777 355 1841 aa>
383 1778 450 1848 σοὺς
475 1776 539 1855 περὶ
562 1775 671 1841 τούτου
695 1774 878 1852 ποιουμένους
900 1773 1005 1850 λόγους
1029 1778 1176 1852 συκοφαν-

31 1945 32 1950 ,
98 1894 148 1951 τοῖν
177 1887 314 1968 νομίζετε.
363 1886 512 1950 Praesens
544 1887 675 1966 νομίζετε
706 1885 745 1948 de
775 1906 860 1949 more
892 1891 922 1948 et
953 1879 1176 1948 consuetudine

31 1989 32 2018 ³
100 1996 208 2062 dicitur.
254 1996 457 2074 Dardanarii,
481 1996 630 2081 inquilini
654 2005 686 2061 et
710 1996 878 2080 locupletes
902 2003 933 2059 et
957 2001 1112 2079 praeterea
1134 1994 1179 2055 in-

31 2089 32 2162 l
100 2106 163 2184 visi,
185 2107 267 2191 quod
290 2107 481 2171 frumentum
506 2107 638 2170 subinde
662 2106 831 2184 vexabant,
856 2115 920 2170 tam
943 2127 1032 2189 saepe
1053 2103 1178 2167 delatio·

31 2247 32 2312 q
101 2217 180 2281 nibus
202 2217 462 2303 sycophantarum
486 2224 574 2280 arant
596 2217 745 2300 expositi,
769 2226 806 2279 ut
828 2215 963 2292 iudices,
989 2214 1108 2278 etiamsi
1131 2213 1178 2276 vel

31 2327 32 2402 s
101 2328 215 2392 maxime
249 2329 326 2391 istos
361 2327 469 2390 noxios
506 2334 671 2412 putarent,
707 2335 809 2390 tamen
844 2332 1036 2390 accusatores
1060 2345 1179 2408 semper

31 2497 32 2500 ,
98 2435 165 2500 lucri
193 2461 285 2503 causa
316 2460 422 2502 eorum
453 2439 578 2502 nomina
610 2438 726 2502 deferre
757 2444 913 2522 putarent.
961 2434 1178 2520 Perspicuitati

99 2549 264 2613 consuletur
292 2549 412 2613 sicum
438 2549 619 2633 Hirschigio
644 2549 746 2633 (Misc.
772 2548 854 2612 Phil.
880 2555 909 2612 et
933 2546 1066 2630 Paedog.
1094 2547 1178 2608 1860

97 2677 122 2739 p.
138 2661 206 2742 138)
229 2659 295 2731 σούς
321 2667 392 2723 ante
416 2660 521 2735 λόγους
545 2659 710 2722 inserueris
718 2685 728 2735 ς
753 2657 807 2721 sed
831 2656 937 2722 eadem
956 2656 993 2720 dc
1011 2677 1102 2720 cansa
1118 2677 1178 2718 ma-

98 2764 144 2830 lim
171 2771 194 2833 εὶ
224 2770 273 2834 acl
302 2771 339 2840 ὡς
362 2768 496 2845 μάλιστ’.
545 2767 737 2832 (lantranci
760 2775 832 2831 ante
857 2768 923 2839 τούς
947 2765 1069 2829 videtur
1093 2766 1181 2829 omit·

98 2877 221 2942 tendum.
247 2877 340 2958 Quod
365 2878 479 2962 legitur
494 2881 511 2964 b
528 2881 558 2942 2.
583 2879 746 2944 οὶσοόιόόυοοι
763 2879 802 2950 εἷς
819 2879 871 2950 cha
886 2877 995 2953 βουλὴν
1012 2879 1077 2955 περί
1091 2901 1178 2958 τινος,

98 2990 200 3068 referre
228 2991 270 3053 ad
299 2996 434 3054 screatum
465 2993 501 3054 de
532 2994 636 3073 alc'qua
662 3014 696 3054 ra
720 2998 767 3053 est
790 2990 882 3052 etiam
907 2986 989 3072 apud
1013 2986 1180 3050 Isocratem

102 3098 143 3160 18.
169 3101 204 3160 6:
228 3101 325 3164 ἐκεῖνοι
349 3099 372 3164 δ’
396 3103 436 3174 εἰς
459 3104 511 3176 τὴν
534 3102 644 3180 βουλὴν
668 3103 731 3183 περὶ
756 3104 852 3166 adada
875 3100 1031 3165 οὶσὲόοσοιυ.

135 3205 257 3272 Habent
290 3231 325 3272 ea
357 3232 435 3293 quae
467 3210 504 3274 ah
538 3211 630 3274 iuitio
661 3210 820 3295 usquead
849 3218 921 3274 sect.
946 3213 966 3271 t
991 3207 1181 3291 (ψηφίσησθε)

32 3337 34 3354 ι
98 3313 232 3400 leguntur
256 3320 360 3382 nescio
384 3321 461 3405 quid
485 3321 648 3406 sophistici
672 3321 804 3386 artificii.
845 3320 996 3384 Effecerat
1012 3326 1180 3394 accusator,

99 3428 143 3508 qui
165 3435 286 3491 senator
310 3437 392 3506 erat,
417 3430 551 3513 primum
576 3437 610 3493 ut
634 3431 904 3494 frumentariorum
928 3450 1020 3493 causa
1044 3451 1061 3491 a
1085 3437 1183 3511 pryta-

100 3536 180 3600 nibus
211 3536 249 3600 ad
273 3546 415 3603 senatum
438 3538 619 3618 deferretur,
644 3547 711 3604 tum
736 3563 775 3604 ne
799 3549 925 3605 senatus
950 3561 1001 3603 eos
1025 3538 1183 3601 damnaret

100 3646 319 3725 intercesserat,
352 3649 486 3733 denique
519 3672 589 3714 cum
622 3657 822 3735 quaereretur
853 3673 928 3713 num
960 3655 1039 3712 esset
1067 3670 1121 3710 cur
1145 3647 1183 3710 ad

100 3756 240 3821 iudicium
262 3759 371 3842 populi
395 3783 418 3823 s.
446 3760 591 3824 heliastas
615 3783 706 3824 causa
728 3761 914 3837 reiiceretnr,
940 3749 1184 3832 accusandoho-

102 3867 187 3931 mines
211 3866 352 3933 effecerat
374 3879 410 3933 ut
433 3872 477 3934 ita
500 3871 733 3948 decemeretur;
758 3894 843 3934 nunc
867 3869 991 3936 tandem
1016 3870 1080 3953 ipse
1100 3867 1183 3951 apud

101 3977 238 4061 populum
270 3980 370 4062 surgit
401 3989 570 4045 accusator.
618 3981 685 4045 Iam
720 4004 759 4044 ne
781 3982 913 4045 invisam
937 3977 1186 4065 quadruplatoris

101 4107 252 4168 personam
281 4097 385 4172 gerat,
417 4112 611 4174 summopere
642 4100 778 4176 pugnat;
813 4100 844 4155 et
867 4090 990 4154 videtur
1013 4089 1114 4153 adhuc
1139 4111 1185 4151 res

102 4194 169 4260 bene
192 4196 219 4259 ei
243 4199 385 4277 cessisse,
411 4222 508 4284 quum
530 4223 620 4264 nemo
644 4201 725 4266 inter
749 4203 932 4286 interpretes
955 4201 1111 4265 hominem
1133 4219 1186 4261 110·

103 4307 217 4384 laverit3
241 4307 319 4371 mihi
342 4315 447 4373 tamen
470 4309 593 4372 videtur
616 4332 648 4373 re
672 4333 742 4374 vera
766 4311 957 4396 sycophanta
980 4332 1043 4374 non
1068 4306 1184 4382 melior,

104 4417 150 4499 qui
172 4415 295 4501 quidem
319 4417 358 4481 ab
381 4417 472 4482 initio
496 4419 575 4482 illud
592 4419 747 4484 studuerit
763 4419 956 4486 defendendo
972 4418 1077 4496 modo,
1094 4416 1186 4482 modo
