3128 5208
690 449 734 491 VII

171 675 307 759 plerique
341 673 551 758 acquiescunt,
584 669 642 734 sub
672 691 797 732 ermnon
829 689 935 732 vocare
964 667 1088 752 placuit.
1136 668 1172 731 In
1198 691 1259 753 quo

171 837 266 900 quum
292 812 420 877 eruditis
445 810 623 886 scriberem,
648 831 709 872 non
735 808 771 870 de
796 807 850 884 iis,
868 829 946 890 quae
963 808 1037 870 satis
1054 817 1127 870 nota
1144 817 1258 885 essent,

169 953 340 1036 disceptare
363 950 463 1027 volui,
489 949 540 1014 sed
565 947 714 1034 quaedam
740 946 926 1010 exstantiora
949 945 1133 1010 lineamenta
1157 947 1262 1012 adum-

169 1092 274 1168 brare,
308 1096 344 1153 ut
376 1097 527 1172 quatenus
560 1087 625 1152 eius
657 1085 799 1149 laudibus
831 1085 985 1148 orationes
1015 1085 1104 1150 nobis
1127 1095 1262 1151 servatae

148 1203 406 1314 responderent,
440 1233 613 1313 appareret;
647 1235 714 1290 tum
742 1225 767 1288 si
792 1246 870 1308 quae
894 1231 980 1288 tanto
1005 1226 1166 1308 praeconio
1190 1226 1263 1290 inf-

170 1367 264 1430 riores
290 1387 355 1429 esse
380 1363 571 1440 viderentur,
597 1364 801 1446 exquirerem,
821 1371 959 1426 utrorum
976 1371 1055 1426 esset
1073 1364 1181 1448 culpa,
1199 1388 1263 1430 ora-

170 1505 287 1568 torisne
318 1504 415 1588 ipsius
447 1525 484 1566 an
515 1501 779 1578 vicissitudinum,
803 1523 881 1585 quas
905 1521 941 1564 eo
965 1508 1087 1564 mortuo
1111 1503 1262 1568 orationes

171 1649 315 1728 expertae
340 1649 449 1706 esseut.

214 1778 291 1842 Non
315 1778 391 1842 mibi
415 1778 577 1863 proposui,
604 1798 659 1841 nec
684 1784 786 1839 tamen
811 1776 924 1839 veritus
949 1799 1015 1839 sum
1040 1776 1149 1862 Lysiae
1166 1778 1265 1843 detra-

174 1917 245 1981 here
281 1917 485 1994 „haerentem
508 1915 601 2000 capiti
623 1914 722 1978 molta
746 1935 815 1977 curn
840 1912 930 1976 lande
955 1914 1137 1992 coronam;’'
1162 1916 1267 2000 itaque

172 2056 268 2121 libere
301 2055 365 2118 dixi
397 2077 473 2139 quae
506 2054 581 2117 milri
611 2052 813 2138 improbanda
836 2051 1021 2117 viderentur.
1059 2052 1266 2118 Veruntamen

173 2203 262 2256 erant
288 2190 437 2274 quaedam
461 2190 629 2267 eiusmodi,
654 2199 690 2252 ut
714 2211 774 2252 nou
799 2196 924 2273 possent
947 2189 1004 2254 ulli
1028 2191 1157 2268 oratori,
1180 2194 1268 2256 cuius

174 2328 303 2413 aliquod
335 2349 446 2392 nomen
477 2327 601 2405 brisset,
632 2327 747 2391 nedum
782 2325 891 2410 Lysiae
926 2327 1057 2393 adscribi
1065 2353 1074 2405 ;
1107 2336 1137 2392 et
1167 2338 1269 2395 tamen
1354 2306 1355 2310 Ἰ

176 2469 253 2533 haec
286 2467 523 2532 inveniebantur
545 2467 577 2530 in
602 2466 811 2543 orationibus,
837 2487 916 2549 quae
940 2467 1118 2552 ceteroquin
1145 2468 1271 2533 formam

177 2611 304 2698 Lysiaci
327 2610 444 2694 ingenii
468 2609 527 2674 sibi
543 2610 631 2692 quasi
646 2609 823 2693 impressam
842 2608 996 2674 habebant
1004 2635 1012 2687 ς
1031 2617 1061 2673 et
1077 2617 1163 2675 erant
1178 2612 1252 2676 talia
1264 2611 1275 2690 ,'

176 2771 256 2834 quae
282 2769 319 2811 ex
343 2746 582 2812 describentium
606 2721 706 2810 errore
731 2745 780 2810 vix
803 2746 950 2830 explicari
974 2768 1063 2831 posse
1082 2748 1270 2816 viderentur.

176 2885 272 2949 Unde
296 2905 441 2968 apparere
465 2883 628 2968 putabam,
654 2882 761 2947 multis
784 2883 922 2961 casibus,
947 2884 1043 2949 veluti
1067 2896 1121 2950 aut
1144 2889 1276 2974 interpo-

178 3022 292 3088 lationi
324 3029 378 3085 aut
409 3020 566 3084 emissioni
598 3020 653 3083 has
685 3019 837 3083 orationes
871 3021 1022 3104 expositas
1052 3023 1163 3102 fuisse,
1193 3035 1276 3091 ante·

180 3184 274 3246 quam
308 3159 455 3235 formam,
489 3179 550 3242 qua
585 3156 677 3220 hodie
705 3157 863 3236 feruntur,
896 3157 1080 3225 induissent.
1127 3161 1273 3247 Legimus

179 3300 302 3383 aliquot
325 3318 380 3381 pro
404 3296 548 3380 integris,
574 3317 669 3378 quae,
696 3317 793 3378 quum
818 3295 965 3360 breviaria
981 3305 1102 3364 tantum
1118 3302 1193 3380 sint,
1211 3327 1273 3368 non

178 3439 243 3503 nisi
267 3435 405 3500 umbram
429 3434 545 3518 ingenii
569 3432 690 3518 Lysiaci
713 3433 836 3498 habent.
873 3434 966 3515 Quod
982 3460 1057 3503 num
1074 3440 1274 3524 probabiliter

180 3574 369 3642 ostenderim
392 3593 485 3657 penes
510 3571 692 3636 benevolum
715 3571 861 3636 lectorem
883 3573 1032 3640 iudicium
1057 3585 1131 3642 esto.

229 3711 510 3777 Commentationes
542 3708 600 3772 bae
628 3709 689 3773 iam
718 3709 808 3774 initio
833 3711 926 3776 buius
951 3715 1023 3779 anni
1047 3715 1085 3779 ad
1109 3716 1274 3782 editionem

183 3858 325 3938 paratae,
357 3855 488 3914 exeunte
520 3869 624 3913 mense
651 3848 743 3913 Iunio
767 3851 852 3934 prelo
875 3852 1029 3919 subiectae
1052 3864 1142 3935 sunt3
1167 3879 1275 3922 eorum

181 3993 282 4078 igitur
304 4012 382 4074 quae
406 3989 465 4052 hoc
490 4010 569 4052 anno
593 3987 631 4053 de
654 3987 747 4073 Lysia
770 3990 965 4074 prodierunt,
990 3995 1140 4060 rationem
1165 3997 1277 4063 habere

184 4151 248 4194 nou
274 4127 364 4212 potui
388 4125 654 4209 (,‚Westermann,
679 4124 906 4205 Quaestionum
929 4129 1124 4216 Lysiacarum
1148 4157 1216 4218 pars
1238 4134 1278 4198 al-

184 4265 287 4344 tera,'’
316 4286 508 4350 programma
537 4263 697 4348 Lipsiense
730 4265 821 4330 huius
846 4270 935 4348 anni3
965 4269 1203 4350 bauchenstein,
1228 4273 1275 4337 ed.
1355 4277 1361 4292 '
