3074 5210
771 433 832 493 152

244 645 339 721 puto,
373 637 441 702 vult
472 645 575 701 orator
608 637 707 702 vorbis
742 634 766 700 οἳ
789 640 819 701 οὐ
843 636 926 713 μόνον
950 675 995 685 -
1019 638 1098 714 ὑμᾶς
1122 637 1192 700 illos
1217 638 1340 702 exsules

242 769 305 811 non
336 755 459 812 tantum
490 749 523 812 in
554 748 621 832 ipsa
651 748 726 812 urbe
756 747 829 811 olim
854 745 988 831 plurima
1011 747 1092 810 mala
1115 747 1232 812 civibus
1257 749 1344 812 intu-

243 857 332 935 lisse,
357 858 411 922 sed
435 866 541 942 postea
565 881 690 943 quoque
715 881 811 944 quum
836 859 1039 922 excessissent
1062 881 1099 922 ex
1123 860 1337 936 munimento,

245 969 328 1052 quod
353 977 594 1054 occupaverant,
622 992 710 1054 agros
733 970 908 1032 vastavisse.
953 967 1094 1034 Obscura
1115 992 1163 1033 res
1186 977 1232 1033 est
1248 970 1344 1056 culpa

246 1082 391 1144 auctoris.
431 1080 490 1145 Sed
522 1083 553 1145 in
586 1085 619 1146 ἐκ
642 1087 697 1144 τῶν
721 1081 822 1144 ἄλλων
842 1079 953 1144 ἱππέων
976 1081 1068 1144 etiam
1097 1080 1216 1145 librarii
1241 1103 1345 1165 pecca·

245 1196 330 1253 runt.
370 1190 534 1276 iungenda
564 1193 639 1256 haec
672 1193 773 1256 forent
796 1213 864 1255 cum
889 1190 1053 1275 ἕξεινέοοιςς
1079 1192 1133 1256 sed
1156 1193 1201 1255 ita
1220 1189 1271 1255 ένοι
1293 1191 1347 1254 ad·

244 1300 371 1364 modurn
395 1302 529 1386 frigeret.
574 1303 716 1367 Fortasse
748 1309 820 1387 post
851 1303 962 1367 ἱππέων
994 1302 1109 1366 excidit
1138 1309 1195 1366 τῶν
1218 1301 1243 1365 u‘
1266 1301 1287 1364 i.
1313 1323 1342 1364 e.

249 1411 305 1474 τῶν
324 1411 528 1492 τετριικοσέιον,
553 1412 744 1496 iungendum
768 1434 838 1476 cum
861 1410 921 1478 ένοι.
953 1411 1122 1476 Referenda
1144 1413 1219 1476 haec
1242 1419 1348 1474 essent

248 1519 286 1582 ad
311 1542 346 1584 ea
369 1543 447 1604 quae
470 1527 576 1585 narrat
599 1521 796 1605 Thucydides
821 1520 913 1585 VIII.
939 1523 991 1584 98.
1036 1521 1218 1600 Deceleam,
1243 1529 1347 1601 τεῖχος

247 1629 298 1693 hfc
329 1631 520 1715 appellatur,
554 1638 768 1696 concesserant
804 1632 1042 1715 quadringenti,
1075 1632 1208 1716 indeque
1242 1653 1349 1695 excur-

247 1740 348 1804 siones
372 1740 541 1818 faciebaut;
567 1741 763 1826 Polystratus
786 1742 926 1806 Athenas
943 1764 1081 1806 reversus
1102 1749 1182 1818 erat,
1204 1741 1285 1806 filius
1307 1764 1348 1806 ex

187 1849 189 1852 ’
247 1851 377 1915 Boeotia
395 1851 538 1915 redierat.

293 1960 377 2024 Male
399 1962 475 2026 haec
500 1961 538 2026 ad
563 1961 789 2046 expeditionem
813 1961 1000 2046 Thrasybuli
1023 1963 1115 2026 refert
1139 1961 1348 2026 Schneiderus

249 2070 287 2134 ad
319 2071 398 2136 Xon.
432 2071 515 2136 Hell.
540 2073 585 2136 ΙΙ.
611 2077 641 2138 4.
668 2075 720 2138 27.
769 2071 871 2152 Quam
895 2074 1026 2137 maxime
1051 2094 1123 2136 suae
1146 2073 1213 2156 ipse
1237 2095 1350 2136 causae

249 2182 399 2247 obfuisset
423 2182 449 2244 si
472 2182 596 2246 fratrem
620 2183 677 2247 sub
702 2184 830 2267 triginta
852 2183 925 2248 viris
949 2184 1084 2267 equitem
1109 2182 1204 2245 fuisse
1228 2183 1347 2247 diceret

249 2303 279 2357 et
303 2317 340 2357 ex
363 2293 579 2358 Piraeensibus
604 2293 738 2378 aliquem
761 2295 961 2358 interfecisse.
1009 2293 1171 2358 Praeterea
1192 2292 1271 2356 nihil
1294 2301 1343 2356 est

248 2405 280 2467 in
305 2405 443 2468 oratione
468 2400 550 2487 quod
575 2403 613 2467 ad
637 2404 766 2489 triginta
789 2403 926 2467 virorum
949 2427 997 2468 res
1022 2403 1184 2488 pertineat.

297 2515 441 2578 Proxima
457 2516 593 2579 sectione
609 2513 705 2579 ἴσοιτιν
721 2515 851 2578 fortasse
870 2536 907 2577 ex
926 2513 990 2578 ἴστε
1006 2520 1124 2578 exstitit
1132 2538 1141 2590 ;
1160 2535 1348 2598 quamquam

249 2625 292 2687 sic
320 2646 445 2708 quoque
473 2623 590 2708 aliquid
619 2623 763 2698 offendit3
795 2645 866 2687 uum
898 2622 953 2686 illa
975 2622 1050 2688 ders
1072 2621 1194 2702 νομίζειν
1210 2632 1350 2706 possunt

249 2735 332 2797 salva
356 2734 509 2797 sententia
532 2733 647 2798 abesse.

295 2846 312 2928 d
335 2846 387 2906 31.
436 2843 570 2927 Requiro
593 2845 652 2924 χρὴ
676 2845 700 2908 δ’
724 2846 803 2922 aaa
827 2844 877 2908 acl
900 2852 956 2908 τῶν
977 2843 1077 2907 ἄλλων
1100 2841 1185 2908 ένεκοι
1202 2841 1349 2916 τοιούτους

250 2950 339 3035 eluar,
365 2953 583 3030 γιγνώσκοντος
606 2951 649 3018 ὅτι
675 2953 740 3038 [έοέν
764 2978 808 3025 τις
832 2953 973 3033 πρόθυμος
997 2956 1036 3023 εἰς
1058 2954 1136 3029 ὑμᾶς
1153 2951 1184 3036 ᾖ]
1210 2955 1241 3016 οὐ
1261 2954 1351 3030 μένον

250 3063 290 3128 δι’
315 3067 410 3140 ἡμᾶς
435 3065 682 3143 ὠφελήσεσθε·
708 3067 787 3139 ἡμῶν
814 3064 868 3140 μὲν
895 3065 955 3144 γὰρ
978 3062 1029 3127 nai
1053 3063 1118 3144 apia
1141 3064 1270 3138 δειρέῆνοιι
1294 3088 1350 3127 πε-

251 3171 400 3254 πείροισθε,
434 3169 484 3238 οἷοί
514 3175 603 3250 εὀμεν
634 3175 673 3244 εἰς
706 3175 803 3251 ὑμᾶς·
836 3175 902 3245 τοὺς
935 3174 961 3237 δ’
989 3173 1099 3244 ἄλλους
1123 3174 1349 3254 προθυμοτέρους

251 3285 402 3364 ποιήσετε,
424 3284 493 3349 aad
513 3283 601 3360 οὶξίοιν
621 3284 826 3365 χαριζόμενοι,
847 3284 918 3348 έτοιν
934 3309 978 3356 τις
995 3286 1075 3362 ὑμᾶς
1092 3281 1124 3348 εὖ
1139 3295 1215 3365 ποιῇ.
1242 3282 1352 3366 Vulgo

252 3398 332 3470 ἡμᾶς
363 3395 543 3474 ὠφελήσετε.
591 3393 784 3459 Sententiam
816 3395 928 3480 repetit
951 3395 1013 3458 fere
1035 3396 1052 3479 q
1076 3397 1117 3458 33
1143 3394 1201 3458 suh
1225 3394 1278 3457 fin.
1302 3432 1352 3442 -

251 3504 330 3568 Cum
361 3505 399 3567 iis
432 3526 510 3586 quae
538 3503 629 3566 initio
653 3505 799 3568 sectionis
823 3505 971 3588 leguntur
994 3504 1032 3567 of.
1060 3506 1111 3566 16.
1142 3506 1190 3580 17,
1214 3507 1266 3566 25.
1295 3505 1374 3568 13(

297 3617 314 3696 q
338 3617 390 3677 32.
438 3615 485 3677 aul
511 3615 654 3691 μηδαμῶς
680 3622 740 3686 τοῖς
760 3615 880 3691 λέγουσι
899 3613 1088 3690 βεβαιώσητε
1107 3612 1195 3688 λέγον
1213 3615 1261 3676 τὸν
1278 3614 1353 3676 πιέν-

252 3748 308 3787 τιον
335 3723 542 3804 πονιρρέτοιτον·
570 3724 694 3802 λέγεται
717 3724 777 3804 yolo
800 3725 882 3796 τοὺς
905 3729 1023 3796 κοινῶς
1046 3722 1266 3794 πεπονθότος
1288 3747 1352 3805 με·

252 3836 401 3912 artatae
430 3839 573 3910 μᾶλλον
605 3835 621 3910 ἢ
652 3836 733 3908 τοὺς
758 3833 804 3900 εὖ.
854 3835 939 3899 Haec
963 3834 1116 3898 sententia
1138 3854 1202 3896 uon
1226 3839 1273 3895 est
1297 3857 1350 3896 πο-

252 3945 410 4022 saporam
447 3954 495 4009 est
529 3947 612 4010 enim
648 3971 717 4012 vera
753 3947 944 4032 plerumque.
992 3946 1053 4010 Sed
1084 3945 1281 4010 Athenienses
1305 3943 1351 4006 ita

252 4056 390 4140 ingratos
415 4080 479 4120 esse
504 4058 603 4122 dicere
628 4059 754 4139 πονηρόν.
801 4058 904 4143 Igitur
930 4060 1008 4133 dacis
1035 4063 1130 4128 κοινῶς
1155 4055 1350 4126 ποιητοὺς

252 4167 417 4240 Ἀέννοιέονς
433 4193 461 4232 ιι.
479 4192 511 4233 π.
530 4168 658 4232 fortasse
672 4169 852 4254 legendum
866 4177 932 4232 tum
947 4169 1080 4232 alterum
1091 4169 1157 4239 τούς
1170 4163 1349 4228 delendum.

295 4277 387 4360 §33.
435 4277 517 4342 Satis
549 4278 678 4342 verbosa
710 4288 756 4342 est
788 4280 941 4343 sententia
974 4284 1129 4365 postrema
1158 4275 1227 4341 ὥστ’
1252 4277 1349 4340 οιύτῶν

253 4387 362 4452 τούτων
385 4385 470 4453 laeua
494 4388 590 4471 (quod
613 4388 693 4453 bona
718 4390 889 4475 amisimus)
915 4390 1053 4468 πρέένριοί
1075 4389 1164 4465 εὀριεν
1186 4388 1226 4458 εἷς
1250 4386 1345 4466 ὑμᾶς,
