3128 5208
826 484 867 545 32

307 687 353 750 De
376 686 424 749 his
447 683 588 748 omnibus
611 689 755 768 pernegat
776 704 863 758 reus,
881 703 936 745 nec
952 681 990 744 ad
1013 703 1121 745 causae
1137 703 1286 772 summam
1301 682 1391 765 quid·

307 820 398 883 quam
430 797 596 881 pertinent,
628 795 687 859 nisi
717 803 845 858 mortem
877 793 934 858 sibi
966 795 1003 859 ab
1035 793 1204 858 adversario
1228 795 1320 858 fuisse
1343 795 1391 858 in-

306 916 453 973 tentatam
477 907 602 970 dixisset
625 905 708 970 Simo
732 908 759 990 (ξ
774 908 823 973 ,28
847 907 1083 988 inclarescatis&
1107 907 1164 983 ἐγὼ
1187 909 1389 990 ἀποκτενεῖν),

307 1029 342 1084 ut
372 997 410 1083 ne
439 1018 567 1104 pecunia
597 1016 635 1081 ab
666 1017 732 1102 ipso
763 1025 886 1101 erogata
913 1017 1067 1082 reddenda
1090 1024 1168 1081 esset
1191 1017 1222 1104 (S
1245 1020 1304 1081 25:
1328 1023 1392 1089 πῶς

305 1132 377 1202 εἰκὸς
396 1168 441 1178 ·-
464 1132 543 1207 ἡμᾶς
574 1133 698 1193 τοιαῦτα
726 1127 936 1208 ἐξαμαρτάνειν
958 1167 1003 1178 --
1025 1131 1220 1209 ἀποστερῆσαι
1248 1129 1390 1206 βονλοαὲ·

304 1265 364 1312 νονς
387 1241 443 1312 τὰς
465 1240 630 1320 τριακοσίας
649 1240 810 1324 δραχμάς).
851 1239 944 1303 Mitto
960 1261 1041 1303 nunc
1058 1261 1217 1323 quaerere,
1235 1238 1387 1322 quomodo

304 1352 526 1416 accusationem
542 1351 703 1415 detorserit
720 1351 804 1434 (nam
820 1351 985 1414 admodum
1001 1351 1104 1414 fatuus
1121 1357 1278 1414 accusator
1294 1350 1387 1427 foret,

304 1464 358 1548 qui
381 1463 454 1528 talia
476 1462 670 1548 obiectaret),
699 1461 753 1526 sad
776 1462 907 1547 primum
931 1469 1052 1526 constat
1075 1462 1279 1526 defensionem
1304 1463 1321 1546 t
1344 1463 1384 1523 25

304 1575 362 1638 hoc
391 1573 590 1638 fundamento
621 1573 693 1652 niti,
725 1581 791 1637 tum
824 1597 860 1638 ex
891 1573 1089 1658 ambiguitate
1113 1597 1174 1658 qna
1197 1573 1309 1652 de'eo,
1334 1573 1387 1656 qui

304 1687 465 1772 pecuniam
489 1687 652 1771 acceperit,
677 1669 717 1750 eo'
735 1686 803 1749 loeo
827 1687 918 1764 dicit,
944 1685 1142 1771 probabiliter
1165 1685 1281 1750 efficere
1299 1685 1387 1748 nobis

305 1797 461 1874 videmur,
495 1798 595 1882 ipsum
629 1819 715 1860 reum
739 1797 898 1882 pecuniam
929 1799 1094 1882 accepisse,
1127 1797 1253 1882 proinde
1277 1797 1387 1860 iniuria

306 1908 527 1973 adolescentem
550 1907 757 1973 Plataeensem
781 1906 859 1986 dici,
888 1907 981 1972 fuisse
1006 1930 1135 1972 servum.
1184 1907 1291 1971 Posset
1314 1929 1386 1970 sane

306 2019 432 2104 pluralis
460 2019 482 2082 l.
509 2019 533 2092 l.
567 2019 604 2084 de
636 2019 794 2084 Theodoto
826 2030 857 2084 et
887 2041 939 2082 reo
971 2019 1110 2104 intellegi
1133 2020 1183 2102 (cf.
1207 2021 1224 2104 p
1247 2021 1309 2094 46,
1334 2017 1389 2082 ubi

238 2123 240 2130 ¹
305 2127 376 2196 οὗτοι
408 2133 431 2196 οἱ
462 2131 516 2214 βία
547 2132 580 2196 ἐκ
608 2139 661 2205 τῆς
692 2131 752 2196 ὁδοῦ
777 2155 804 2210 κ,
828 2155 857 2196 τ.
880 2131 903 2197 ἓ.
927 2132 1080 2216 pertinent
1103 2131 1142 2194 ad
1164 2129 1386 2212 Theodotum),

304 2242 356 2305 sed
380 2250 520 2326 apparet,
545 2263 640 2326 quum
664 2264 732 2320 reo,
756 2264 819 2305 non
842 2241 1000 2307 Theodoto
1024 2243 1082 2308 hoc
1103 2243 1215 2306 crimen
1233 2265 1250 2304 a
1265 2240 1388 2304 Simone

302 2353 456 2418 obiectum
479 2353 536 2431 sit,
560 2352 714 2418 Simonem
739 2352 931 2417 contendisse
956 2354 994 2419 ab
1017 2376 1052 2417 eo
1075 2362 1239 2439 acceptam.

347 2466 423 2550 st:
450 2460 543 2535 Οὗτος
573 2463 602 2528 δὲ
625 2463 779 2542 βέλτιστος
881 2461 958 2537 ὅστις
981 2465 1169 2544 κοσμιώτατα
1191 2464 1247 2536 τοὶς
1270 2469 1386 2543 συμφο-

302 2576 353 2658 ρὰς
376 2576 470 2656 Φέρειν
494 2574 623 2642 δύναται.
670 2573 775 2654 Quum
808 2575 891 2639 dicat
919 2575 1102 2660 cupiditates
1125 2575 1268 2640 omnibus
1291 2574 1387 2638 homi-

302 2687 394 2752 nibus
424 2709 599 2750 communes
623 2709 704 2764 esse,
728 2687 817 2750 illum
840 2695 943 2752 autem
965 2688 1133 2772 optimum,
1157 2688 1211 2773 qui
1233 2689 1289 2760 τας
1312 2712 1386 2765 συρο-

303 2799 395 2880 Φοροές
417 2797 638 2862 modestissime
662 2798 756 2876 ferat,
781 2807 907 2884 apparet
929 2821 964 2863 eo
980 2799 1128 2864 vocabulo
1143 2821 1205 2863 non
1222 2799 1386 2884 significari

302 2909 489 2974 calamitates
519 2909 706 2972 extrinsecus
729 2909 831 2974 illatas
854 2910 908 2975 sed
932 2910 1103 2995 voluptates
1127 2911 1227 2974 animo
1251 2909 1385 2973 humano

301 3021 493 3085 inhaerentes
516 3029 546 3084 et
569 3022 760 3086 incommoda
783 3045 861 3108 quae
885 3023 956 3086 hinc
979 3029 1154 3087 nascantur.
1201 3021 1303 3086 Habet
1327 3021 1385 3084 hoo

302 3133 403 3199 nescio
433 3156 524 3218 quem
555 3134 686 3198 colorem
717 3134 943 3220 philosophum.
990 3135 1135 3199 Similiter
1170 3133 1251 3218 apud
1283 3131 1383 3196 Xeno·

301 3243 447 3328 phoutem
488 3245 548 3309 GP.
582 3243 638 3309 VI.
673 3248 701 3309 l.
733 3247 772 3310 37
812 3247 942 3332 Araspas
973 3245 1116 3310 illicitum
1146 3266 1299 3320 amorem,
1332 3242 1382 3305 eui

302 3354 472 3419 indulserat
495 3356 668 3440 significans
691 3359 729 3427 ὠς
752 3355 829 3436 γαρ,
852 3357 973 3440 inquit,
997 3357 1010 3421 ὂ
1033 3359 1109 3436 θροῦς
1129 3357 1223 3430 διῆλθε
1241 3363 1294 3428 τῆς
1311 3356 1383 3430 ε’,αῆς

301 3471 465 3548 συμφορᾶς.
513 3465 630 3530 Andos.
664 3469 693 3530 2.
728 3469 763 3531 7:
794 3467 912 3544 τοιαύτη
940 3467 1079 3550 συμφορὰ
1114 3472 1169 3530 τῶν
1197 3471 1305 3547 φρενῶν
1337 3472 1384 3528 est

301 3578 412 3642 mentis
435 3578 604 3642 occaecatio
624 3578 687 3642 sive
707 3600 798 3642 error.
833 3577 917 3641 Infra
941 3580 1000 3641 39:
1025 3577 1231 3656 αἰσχυνόμενος
1252 3575 1298 3650 δέ,
1316 3574 1383 3656 ἔτερ

302 3690 353 3766 ἤδη
377 3690 425 3754 καὶ
448 3691 580 3771 πρότερον
602 3687 698 3766 εἷσον,
722 3701 759 3773 τῇ
783 3697 931 3774 συμφορᾷ.

346 3803 363 3887 d
387 3804 415 3866 7.
464 3805 509 3867 Οὐ
531 3801 661 3884 πρότερον
684 3801 818 3878 ἠθέλησεν
841 3802 996 3874 ἀπελθεῖν,
1020 3799 1083 3880 ντρὶν
1108 3801 1211 3873 αὐτόν,
1232 3796 1383 3876 ἡγούμενοι

302 3912 378 3978 δεινοὶ
408 3921 497 3978 ποιεῖν
528 3915 551 3979 οἱ
582 3913 810 3994 παραγενόμενοι
842 3912 890 3977 καὶ
914 3913 938 3976 οἱ
962 3911 1029 3989 μετ’
1054 3915 1142 3977 αὐτοῦ
1166 3911 1312 3987 ἐλθόντες,
1336 3911 1383 3974 ἔτι

302 4023 412 4097 παῖδας
443 4025 527 4107 κόρας
558 4027 606 4090 καὶ
638 4025 767 4109 ὀρφανὰς
798 4024 938 4100 stratam,
966 4023 1114 4102 ἐξήλασαν
1140 4025 1203 4107 βίον.
1249 4023 1386 4087 Theodo-

302 4145 367 4198 tum
399 4137 545 4200 amasium
577 4145 639 4201 tam
663 4160 681 4201 a
702 4137 824 4201 Simone
855 4158 946 4220 quam
978 4159 1033 4214 eo,
1065 4137 1119 4220 qui
1150 4158 1271 4200 causam
1294 4135 1383 4211 dicit,

301 4245 469 4329 expetitum
497 4270 644 4331 quaerens
672 4247 754 4312 Simo
785 4249 818 4310 in
848 4246 972 4311 domum
1003 4246 1129 4310 oratoris
1152 4247 1303 4331 irruperat
1310 4272 1319 4322 ;
1344 4244 1385 4307 ef-

300 4357 403 4420 fractis
437 4358 554 4423 foribus
589 4359 680 4423 etiam
715 4360 746 4422 in
781 4358 944 4423 mulierum
977 4357 1120 4421 conclave
1155 4365 1382 4442 penetraverat,

300 4469 383 4540 unde
414 4479 516 4536 umen
548 4472 577 4535 vi
607 4471 721 4535 eiectus
752 4478 815 4548 est3
846 4471 898 4533 sed
926 4469 1082 4552 quaeritur
1110 4491 1128 4531 a
1158 4469 1279 4554 quibus.
1325 4467 1384 4531 Mi-
