3074 5210
831 480 894 542 104

363 684 454 768 §lb
500 679 550 746 καὶ
587 677 672 760 ἕτεροι
714 679 768 763 μὲν
801 679 980 744 οὐδεπώποτε
1018 677 1259 755 ὁπλιτεύσαντες,
1296 680 1409 746 ἱππεύ·

320 816 426 864 σαντες
456 791 485 856 δὲ
512 789 568 875 (sic
590 811 673 854 nunc
697 789 834 874 plerique
858 790 1011 855 editorum
1034 813 1070 855 ex
1093 790 1191 855 Palat.
1215 788 1303 857 ἵππον
1327 791 1410 869 ὄντες

317 903 365 979 δέ,
394 915 449 988 pro
473 922 535 986 quo
559 898 584 963 O
608 922 643 965 ex
667 900 871 977 correctione,
895 907 930 964 ut
954 899 1089 967 videtur:
1113 901 1235 984 ἔφιπποι
1258 901 1288 968 δὲ
1308 900 1408 979 ὄντες,

317 1013 377 1077 nisi
399 1012 443 1078 ibi
466 1011 580 1096 legitur
602 1010 653 1092 ἐφ’
676 1008 764 1077 ἵππου
787 1011 815 1076 δὲ
838 1010 927 1096 ὄντες)
950 1011 1010 1076 καὶ
1034 1013 1082 1078 τὸν
1105 1009 1196 1076 ἄλλον
1218 1011 1320 1094 χρόνον
1345 1012 1409 1078 καὶ

316 1122 417 1189 πολλοὶ
439 1123 520 1188 κακοὶ
542 1122 608 1194 τοὺς
631 1121 787 1198 πολεμίους
810 1119 1009 1197 πεποιηκότες.
1055 1120 1216 1186 Scheibius
1240 1143 1311 1186 cum
1336 1121 1409 1186 aliis

286 1235 390 1326 'huic
420 1233 488 1297 loco
518 1231 658 1296 medetur
689 1231 801 1295 omisso
829 1231 881 1297 καί
910 1237 981 1296 ante
1003 1234 1052 1297 τὸν
1075 1229 1166 1297 ἄλλον
1188 1230 1298 1314 χρόνον.
1346 1232 1410 1298 Sed

317 1345 446 1410 alterum
479 1344 532 1410 καί
561 1342 665 1429 potius
696 1342 772 1408 mihi
802 1350 978 1428 suspectum
1010 1350 1066 1408 est.
1112 1343 1330 1410 Fortassean)
1358 1343 1410 1410 τὸν

316 1453 407 1521 ἄλλον
438 1455 537 1536 χρόνον
569 1452 670 1530 πολλοὶ
696 1453 745 1518 καὶ
769 1455 849 1519 κακοὶ
871 1455 937 1526 τοὺς
960 1453 1115 1532 πολεμίους
1138 1454 1337 1530 πεποιηκότες.
1362 1492 1410 1504 -

315 1565 503 1643 Ἀναβαίνειν
526 1563 573 1628 ἐπὶ
597 1563 678 1635 τοὺς
697 1560 801 1636 ἵππους
820 1562 937 1648 (addito
954 1564 1110 1651 articulo),
1127 1563 1212 1651 quod
1226 1565 1319 1650 paulo
1335 1572 1410 1652 post

315 1676 440 1762 legitur,
465 1673 627 1758 aliquoties
651 1673 744 1737 etiam
766 1674 800 1738 in
816 1697 859 1739 or.
877 1677 935 1754 24,
953 1675 1070 1761 velntq
1087 1678 1126 1740 11
1135 1725 1145 1755 ,
1162 1675 1266 1761 posuit
1280 1675 1408 1762 Lysias,

315 1793 346 1851 et
371 1788 422 1849 16.
448 1787 488 1848 13
514 1778 545 1847 et
569 1783 743 1848 Andocides
769 1788 798 1851 1.
823 1788 876 1850 Ab.

359 1898 376 1982 q
399 1896 451 1960 25.
499 1890 594 1968 Οὗτος
617 1894 676 1976 γαρ
700 1903 771 1968 ταῖς
794 1897 847 1974 μὲν
870 1895 906 1961 ὢν
929 1898 998 1978 παρ’
1017 1896 1190 1979 Ἀρχεδήμῳ
1209 1900 1250 1979 τῷ
1268 1894 1409 1976 γλάμωνι

316 2011 432 2074 πολλῶν
462 2005 588 2086 ὁρώντων
611 1995 695 2070 ’ἔπινε
725 2005 778 2083 μὲν
806 2005 860 2072 ὑπὸ
890 2007 931 2088 τῷ
961 2008 1145 2084 αὐτοματι
1177 2007 1409 2085 κατακείμενος,

316 2118 449 2199 εἰιώμαζε
479 2116 509 2181 δὲ
538 2116 603 2196 μεθ’
632 2115 750 2199 ἡμέραν.
796 2117 960 2202 Ingeniose
990 2118 1143 2204 Bergkius
1174 2141 1229 2205 pro
1256 2121 1409 2197 αὐτοματι

318 2229 448 2294 coniecit
477 2227 640 2306 οὶετώροατι.
686 2225 797 2314 Neque
826 2229 978 2296 offendere
1002 2230 1109 2309 debet,
1134 2230 1218 2315 quod
1240 2230 1410 2308 οὶετώριατα

315 2341 409 2425 vulgo
440 2337 642 2424 templorum,
673 2361 736 2403 non
758 2333 944 2425 privatarum
968 2339 1116 2406 domuum
1140 2349 1242 2420 erant3
1266 2364 1339 2406 nam
1364 2341 1410 2405 ita

315 2451 391 2515 haec
407 2448 578 2513 emendatio
594 2447 713 2513 ratione
727 2449 982 2536 palaeographica
998 2451 1241 2530 commendatur,
1254 2459 1289 2515 ut
1301 2452 1409 2537 potius

317 2585 354 2626 ex
377 2583 412 2646 ea
433 2559 583 2644 loquendi
604 2583 680 2624 usus
704 2559 814 2627 debeat
837 2562 931 2641 effici,
956 2585 1052 2648 quam
1075 2571 1199 2650 propter
1214 2563 1339 2628 aliunde
1354 2584 1410 2628 no·

316 2679 385 2736 tum
413 2691 528 2734 morem
557 2669 737 2736 aedificandi
767 2673 942 2738 coniectura
973 2674 1149 2760 improbari.
1197 2673 1296 2740 Nemo
1325 2675 1408 2740 enim

277 2850 278 2858 ,
315 2780 439 2867 negabit
460 2780 494 2844 in
514 2803 625 2866 magna
647 2781 823 2849 diversitate
847 2783 996 2850 domuum
1017 2785 1083 2850 fieri
1106 2786 1260 2871 potuisse,
1282 2792 1319 2851 ut
1337 2785 1409 2851 sub·

316 2894 389 2959 inde
429 2891 517 2957 aedes
560 2893 695 2978 privatae
725 2894 881 2981 fastigium
913 2896 1037 2982 aliquod
1068 2905 1121 2961 aut
1151 2903 1285 2982 partem,
1327 2919 1407 2983 quae

318 3028 389 3070 cum
419 3025 454 3069 eo
476 3011 580 3088 posset
604 3007 787 3091 comparari,
811 3005 987 3073 habuerint.
1031 3007 1074 3072 Et
1096 3007 1215 3093 aliquot
1238 3015 1318 3074 certe
1341 3009 1408 3074 eius

317 3117 363 3181 rei
395 3114 524 3200 vestigia
556 3117 662 3182 tenuia
695 3126 917 3185 remanserunt.
963 3118 1004 3184 In
1038 3119 1133 3185 Arist.
1169 3122 1226 3185 Av.
1261 3143 1290 3186 v.
1320 3121 1406 3186 1110

224 3253 225 3256 “
320 3227 430 3292 chorus
453 3225 555 3290 avium
579 3227 618 3291 ad
639 3228 774 3294 iudices:
799 3229 854 3302 ricc
878 3229 939 3311 γὰρ
963 3231 1043 3306 ὑμῶν
1061 3224 1156 3304 ὀἰκίας
1179 3231 1316 3312 ἐρέψομεν
1339 3229 1408 3312 πρὸς

317 3336 412 3404 ccclv.
448 3335 519 3417 Quo
542 3337 610 3402 loco
633 3340 692 3408 etsi
710 3339 819 3405 domus
841 3341 961 3426 privata
979 3348 1174 3426 comparatur
1188 3358 1259 3406 cum
1273 3335 1406 3427 templo,

316 3456 420 3514 tamen
443 3457 569 3534 apparet
592 3458 710 3536 partem
733 3452 886 3537 quandam
908 3452 1019 3518 domus
1034 3461 1159 3539 propter·
1174 3451 1407 3518 similitudinem

318 3561 381 3625 sive
409 3561 616 3647 metaphorice
646 3563 709 3628 sive
731 3571 975 3646 καταχρνοτιιοῶς
1003 3564 1151 3650 appellari
1173 3565 1268 3630 οέετόν.
1314 3560 1406 3649 Apud

317 3671 538 3757 Hippocratem
561 3671 599 3737 de
623 3673 771 3739 Articulis
790 3698 821 3760 p.
844 3675 918 3739 808.
938 3674 1164 3740 Fmemoratur
1179 3673 1404 3756 ιἰἑτωριαοῖιιον,

318 3782 407 3867 quod·
425 3781 555 3862 Pollux,
579 3783 764 3864 Erotianus,
789 3784 926 3850 Galenus
950 3786 1127 3852 existimant
1150 3808 1214 3850 esse
1236 3787 1406 3873 prominen-

318 3902 379 3959 tem
403 3895 477 3958 tecti
499 3901 633 3980 partem,
658 3918 736 3980 quae
754 3897 882 3962 imbrem
904 3903 1022 3976 arceat,
1046 3899 1098 3974 rba
1117 3895 1266 3981 οτεΦοὶννν
1284 3902 1335 3962 τοῦ
1354 3895 1405 3960 ut-

318 4029 413 4084 ροοιτοο
437 4006 497 4091 (cf.¹
511 4006 638 4073 Foesius
662 4008 735 4074 Oec.
759 4008 855 4095 Hipp.
879 4008 900 4074 i.
924 4011 973 4094 u).
1021 4008 1080 4073 Sed
1103 4009 1159 4073 illo
1190 4008 1259 4073 loco
1279 4004 1405 4093 cogitari

318 4139 381 4180 non
417 4124 520 4202 potest·
549 4119 586 4184 de
617 4127 703 4206 parte
734 4101 852 4185 domus
875 4143 953 4206 quae
983 4121 1017 4185 in
1046 4120 1206 4206 publicum
1236 4124 1400 4205 spectaret;

319 4232 425 4291 nostro
453 4226 521 4292 loco
551 4229 643 4294 verba
666 4237 780 4298 πολλῶν
803 4231 926 4312 ὁρώντων
949 4232 1060 4296 docent
1083 4230 1273 4297 Alcibiadem
1296 4235 1327 4294 et
1348 4229 1402 4294 Ar·

320 4337 499 4403 chedemum
524 4363 540 4404 e
564 4341 663 4425 platea
686 4343 821 4428 conspici
843 4343 991 4430 potuisse.
1030 4343 1140 4430 Itaque
1167 4350 1317 4408 oratorem
1340 4339 1401 4425 opi·

320 4470 377 4511 nor
407 4449 576 4535 significare
607 4453 805 4538 propylaeum
836 4454 962 4533 domus,
995 4455 1077 4540 quod
1100 4454 1250 4521 columnis
1273 4450 1399 4520 subinde
