3128 5208
693 453 733 514 69

162 643 329 727 ἀγγέλλω,
361 647 574 735 depravatione
606 673 667 714 non
699 647 830 714 absimili
860 671 877 712 a
908 655 1012 712 nostro
1035 647 1113 713 loco.
1163 648 1257 735 Apud

162 758 405 846 Xenophontem
428 784 524 846 quum
548 761 699 826 sententia
721 783 783 826 non
807 761 884 825 ferat
908 758 1100 841 κκρκκόμως,
1126 768 1255 845 utroque

161 876 269 936 autem
296 873 362 936 loco
385 872 557 938 litterarum
580 872 691 938 ductus
715 895 777 938 non
800 873 883 953 κωρόο
904 872 992 950 λόγον
1008 871 1061 936 sed
1078 871 1255 936 adverbium

160 989 355 1062 monstrent,
386 983 514 1049 fortasse
545 985 602 1049 hoc
630 983 823 1067 πωρκοόγως,
847 990 971 1066 manere,
996 989 1112 1048 intorto
1136 983 1194 1046 erit
1216 983 1257 1048 fe·

158 1093 311 1174 rendum,
334 1101 369 1159 nt
392 1097 426 1160 iu
444 1095 585 1182 Epistola
609 1095 761 1183 Philippi,
779 1117 856 1180 quae
871 1095 968 1160 fertur
983 1095 1062 1160 inter
1077 1094 1257 1159 Demosthe·

158 1205 229 1269 nica
262 1209 315 1270 lt.
343 1209 400 1285 18,
426 1215 456 1272 et
479 1207 561 1293 apud
584 1208 776 1272 recentiores.

201 1319 220 1403 q
248 1321 302 1382 tl.
348 1319 530 1397 οοκέγκωοοκ
553 1320 583 1384 δὲ
605 1319 654 1385 act
678 1318 759 1386 ωὑτοὶ
779 1318 880 1401 σφίσιν
899 1321 935 1390 ὡς
956 1317 1119 1393 ἠδικηκότες
1137 1319 1256 1401 (nempe

156 1426 311 1494 Ctesicles
338 1453 407 1496 cum
439 1432 513 1517 suis)
535 1471 581 1482 —
603 1433 627 1496 εἲ
650 1431 675 1496 δ’
696 1428 742 1496 οὖν
765 1429 928 1512 ἐζημίωσαν
951 1429 1005 1508 μὲν
1026 1425 1085 1494 οἵδε
1109 1427 1254 1509 προςκκόκ-

155 1565 230 1616 τως,
263 1542 406 1622 satiarer
432 1542 457 1606 δ’
485 1544 513 1608 ἐκ
542 1545 609 1621 ὑμῖν
631 1544 683 1618 τὴν
706 1542 860 1621 ἐπιβολήν,
887 1547 942 1606 τῶν
965 1545 1078 1620 rapida
1102 1539 1253 1624 όφὲκτωκ,
1352 1615 1355 1622 Ι

155 1652 278 1726 εἰκότως
302 1653 338 1719 dv
360 1659 410 1720 τοῦ
433 1655 623 1732 ἐγκλήμκοος
650 1652 940 1732 ἀπηλλαγμένος
963 1651 1055 1728 εἴην·
1079 1653 1103 1717 si
1125 1652 1179 1730 μὲν
1195 1652 1254 1731 γόορ

154 1763 243 1844 κύριοι
276 1761 350 1842 dccv
374 1764 539 1845 κρόξωοόοκ
564 1766 580 1841 ἢ
604 1767 744 1848 cipetum,
767 1764 836 1830 οὐδ’
859 1765 979 1842 ἐκνόμως
1001 1763 1149 1846 ζκμιωόεὶς
1174 1765 1255 1830 εὐλό-

156 1899 219 1953 γως
253 1875 292 1941 όον
321 1877 458 1960 ὤφειλον·
487 1877 510 1941 εἰ
540 1876 565 1941 δ’
590 1875 684 1951 ἔξεστι
717 1877 771 1954 μὲν
803 1877 901 1947 αὐτοῖς
931 1876 1069 1956 almebel,
1093 1874 1200 1941 διδόασι
1224 1875 1254 1940 δὲ

155 1989 293 2066 λόγους
316 1988 384 2069 ὑπὲρ
407 1985 443 2053 ὧν
465 1989 502 2054 du
524 1987 746 2070 όιοοχεωόζωοω,
764 1986 791 2052 εἴ
806 2012 835 2053 τι
855 1986 1020 2069 ἠδικήκασι,
1038 1995 1090 2061 τῆς
1103 1987 1252 2066 κροςκκοό-

157 2123 209 2174 σος
234 2099 336 2182 ῥᾳδίως
359 2100 438 2173 tiene
460 2099 620 2178 οεόξοκτωι.
667 2099 706 2164 Iu
730 2099 777 2164 his
800 2106 881 2163 recte
905 2121 923 2162 a
945 2098 1017 2162 viris
1041 2098 1139 2162 doctis
1156 2121 1254 2165 emen·

156 2209 230 2274 data
264 2217 355 2275 sunt:
387 2210 620 2288 όπκλλκγμὲκος
650 2208 708 2286 elna
736 2232 791 2294 pro
821 2233 854 2274 -οο
878 2205 948 2292 εἶεν,
973 2209 1029 2274 οὐδ’
1053 2211 1172 2288 ἐκνόμως
1198 2233 1252 2296 pro

156 2322 303 2400 ἐκνόμως,
333 2309 439 2388 tatae
463 2323 491 2387 δὲ
514 2323 618 2400 λόγους
642 2345 696 2407 pro
720 2322 743 2388 ό.
767 2323 795 2387 δὲ
819 2321 940 2400 ωότοός;
966 2328 996 2385 et
1018 2321 1145 2386 fortasse
1170 2345 1253 2408 prac-

157 2440 243 2498 terea
277 2433 487 2514 δοκχωρίοωοω
518 2455 588 2498 cum
611 2432 709 2497 Bakio
732 2432 957 2497 restituendum
980 2433 1066 2516 (quoe
1089 2436 1248 2499 identidem

156 2547 401 2628 οοωκόόόκοκκοό).
448 2543 507 2608 Sed
530 2550 683 2629 postrema
705 2545 729 2608 si
753 2543 777 2607 δ’
796 2541 891 2621 ἔξεστι
910 2569 937 2610 κ.
958 2567 986 2608 τ.
1007 2544 1031 2610 ἐ.
1052 2543 1191 2609 nondum
1207 2568 1251 2609 sa

154 2662 234 2720 neta
248 2664 330 2720 sunt.
360 2654 437 2719 Tota
452 2655 645 2718 ratiocinatio
661 2653 722 2718 huc
737 2654 831 2731 redit,
848 2661 885 2718 ut
901 2662 1045 2740 appareat
1060 2655 1249 2741 Polyaenum

157 2767 274 2853 culpe„
305 2766 389 2853 quod
413 2789 475 2832 non
505 2767 650 2843 solverit,
682 2765 813 2830 liberum
843 2788 926 2842 esse,
959 2765 1041 2852 quod
1074 2774 1250 2851 quaestores

158 2878 293 2963 (οωμόωο)
324 2878 386 2943 sive
417 2879 483 2943 iure
512 2879 575 2942 sive
603 2877 716 2942 iniuria
739 2877 886 2942 mulctam
910 2877 937 2941 ei
960 2877 1149 2956 remiserint3
1174 2878 1249 2964 quid

156 2988 203 3054 illi
231 3013 266 3053 en
289 2989 355 3076 lege
378 2989 475 3054 facere
499 2989 656 3075 potuerint
679 3011 742 3054 non
765 3011 829 3052 esse
848 2988 945 3074 ipsius
965 2988 1091 3067 iudicii3
1113 2989 1248 3076 eulpam,

156 3101 183 3164 si
206 3101 348 3184 quasit,
372 3102 405 3167 in
429 3123 461 3165 se
485 3102 653 3186 suscepisse
677 3123 745 3178 eos,
770 3100 858 3164 cuius
883 3122 1014 3185 poenas,
1029 3102 1064 3190 si
1088 3101 1132 3166 ite
1155 3102 1249 3166 Athe-

158 3211 318 3276 niensibus
348 3211 505 3290 videatur,
535 3212 567 3277 in
591 3211 719 3285 εὖόύκοκς
743 3212 861 3298 exigere
886 3212 1012 3298 possint.
1060 3211 1162 3298 Igitur
1185 3237 1250 3279 ver·

160 3321 209 3386 bis
232 3323 256 3388 εἷ
279 3325 332 3401 μὲν
354 3323 413 3406 γόιρ
437 3324 520 3405 κόροι
544 3319 617 3398 dccv
641 3331 671 3388 et
694 3325 717 3389 st
737 3323 761 3388 δ’
781 3322 876 3401 ἔξεστι
896 3322 1039 3388 dilemma
1059 3325 1247 3404 continetur;

159 3441 317 3518 ponuntur
336 3434 502 3499 contraria:
524 3435 550 3499 si
569 3434 673 3513 licuit,
695 3434 842 3499 siminus
864 3434 945 3499 licet.
977 3434 1105 3522 Scripsit
1125 3442 1245 3500 auctor:

159 3547 182 3609 si
207 3545 232 3610 t
255 3545 349 3624 ἔξεστι
372 3547 426 3624 μὲν
448 3546 553 3625 μηδὲν
577 3548 674 3619 αὐτοῖς
698 3550 829 3629 όιφεῖκωκ.
875 3545 935 3610 Pro
963 3546 1083 3632 vulgari
1105 3548 1129 3612 si
1152 3547 1181 3612 δὲ
1204 3549 1246 3626 μή

159 3657 245 3722 dedit
264 3658 368 3742 μηδὲν,
389 3658 600 3724 condicionem
618 3679 791 3744 proponens
813 3658 914 3722 minus
932 3659 995 3722 veri
1014 3657 1140 3724 similem
1154 3681 1246 3742 quam

157 3791 278 3834 necesse
308 3778 389 3851 erat,
414 3770 467 3835 sed
490 3779 526 3836 ut
549 3771 733 3856 significaret
755 3777 874 3855 utique,
899 3769 1051 3856 quidquid
1074 3777 1244 3848 statuatur,

158 3881 235 3946 nihil
263 3882 378 3948 factum
409 3890 606 3968 quaestorum
638 3905 728 3968 posse
758 3883 876 3947 civitati
907 3882 1022 3947 obesse.
1045 3953 1047 3958 ,
1069 3881 1142 3947 Νοη
1173 3884 1247 3947 satis

157 4015 316 4078 assequor,
341 4016 420 4078 quae
438 3994 555 4059 Bakius
576 4019 607 4080 p.
630 3997 693 4058 252
716 3994 753 4059 de
774 3994 918 4059 hocloco
938 3994 1068 4058 monuit.
1100 3992 1164 4058 Reo
1182 4002 1246 4058 erat

157 4104 377 4170 ostendendum
403 4107 584 4189 οὶκογροοφόκ
612 4099 726 4171 iniuria
757 4128 821 4170 esse
844 4106 877 4170 iu
900 4129 932 4171 se
955 4107 1130 4171 institutam
1136 4132 1146 4184 ;
1170 4129 1244 4170 num

157 4215 272 4280 mulcta
302 4239 320 4280 a
349 4215 480 4281 Otesicle
511 4218 577 4282 iure
609 4218 636 4281 ei
659 4204 810 4302 ¹imposita
841 4226 936 4294 esset,
969 4216 1148 4282 secundaria
1180 4226 1244 4282 erat

158 4329 312 4410 quaestio;
336 4329 367 4392 in
391 4350 426 4392 eo
450 4327 540 4393 cardo
563 4329 607 4393 rei
625 4328 814 4406 vertebatur,
831 4349 907 4391 num
924 4329 1135 4412 quaestoribus
1148 4329 1242 4392 mulc-

157 4445 217 4503 tam
237 4439 300 4504 sive
316 4441 382 4504 iure
406 4440 469 4505 sive
492 4439 606 4504 iniuria
629 4438 856 4504 remittentibus
881 4438 1045 4505 obsecutus
1067 4439 1240 4526 Polyaenus
