3074 5210
728 459 790 520 149

209 654 265 718 vel
289 675 325 718 ex
347 654 479 738 abrupto
503 653 625 719 dicendi
649 677 777 740 genere,
797 655 846 720 vel
867 677 902 720 ex
919 656 1099 722 confusione
1116 661 1309 743 superiorum

207 785 389 841 causarum,
423 766 471 830 vel
502 764 634 850 donique
666 787 703 830 ex
733 765 877 851 perplexa
908 773 938 830 et
962 765 1093 832 obscura
1117 771 1310 835 enarratione

206 878 276 954 rei,
300 876 337 940 de
360 899 421 962 qua
443 898 527 940 nunc
550 876 663 962 agitur.
710 875 862 960 Equidem
884 883 1006 941 tantum
1024 878 1132 944 absum
1149 891 1184 944 ut
1199 879 1309 964 Lysiae

209 989 295 1052 hanc
319 987 488 1052 existimem
513 986 698 1065 orationem,
723 993 759 1050 ut
782 1009 820 1050 ne
840 985 950 1070 Lysiae
967 986 1091 1070 quidem
1109 989 1229 1074 aequali
1245 1012 1310 1054 ora-

206 1098 276 1162 tori
307 1097 404 1162 ausim
435 1095 626 1178 adscribere,
656 1096 739 1180 quod
763 1097 901 1160 continet
923 1096 1062 1161 vitiatam
1085 1121 1186 1164 rerum
1211 1111 1310 1184 gesta·

206 1231 283 1272 rum
316 1207 492 1270 memoriam
524 1213 555 1269 et
586 1204 737 1289 quaedam
769 1228 847 1292 quae
879 1207 927 1270 vix
959 1229 1068 1291 graeca
1098 1207 1158 1274 dici
1191 1210 1311 1294 possint

209 1319 321 1403 (supra
346 1319 521 1383 memoratis
545 1317 625 1382 addo
649 1321 681 1383 ἐκ
704 1317 839 1390 πωιδείοις
862 1341 918 1403 pro
941 1321 974 1384 ἐκ
1001 1317 1102 1392 recide
1126 1322 1174 1385 vel
1199 1322 1309 1386 σωίδων

207 1433 227 1514 p
257 1431 327 1512 11),
357 1428 489 1513 denique
516 1429 686 1493 orationem
709 1429 890 1494 dissolutam
916 1436 945 1495 et
969 1429 1060 1514 plane
1082 1430 1242 1495 turbatum
1266 1454 1311 1495 or·

209 1539 337 1615 dinem,
369 1540 407 1606 de
436 1563 497 1625 quo
521 1548 674 1626 postremo
697 1548 760 1605 tam
784 1541 918 1625 graviter
941 1549 972 1604 et
995 1563 1063 1604 vere
1087 1541 1204 1605 Bakius
1228 1542 1308 1626 egit,

208 1659 253 1714 ut
272 1651 397 1716 verbum
418 1651 529 1716 addere
545 1673 803 1736 supervacaneum
820 1653 869 1716 sit.
906 1651 955 1715 Ad
972 1650 1213 1736 componendam
1231 1651 1310 1717 hanc

210 1763 385 1828 oraticnem
418 1771 524 1828 auctor
555 1764 664 1829 habuit
696 1786 767 1828 sane
795 1763 989 1839 adiumenta,
1015 1761 1127 1847 quibus
1151 1785 1207 1826 nos
1231 1785 1311 1827 care-

210 1896 304 1950 mus3
329 1896 422 1957 quare
445 1874 594 1959 quaedam
618 1874 757 1940 continet
780 1873 871 1938 utilia
894 1873 932 1938 ad
953 1895 1002 1937 res
1018 1881 1118 1956 gestas
1135 1873 1220 1938 illius
1237 1880 1312 1938 tem·

212 1983 302 2069 poris
332 1987 576 2070 cognoscendas,
604 1985 657 2049 sed
682 1987 797 2050 fontem
822 1985 966 2050 historiae
990 1985 1074 2048 hunc
1098 2007 1163 2048 esse
1186 1985 1311 2048 minime

211 2094 383 2179 limpidum
411 2102 442 2160 et
469 2103 557 2160 caute
581 2097 707 2160 omnino
731 2095 940 2161 adhibendum
964 2095 1036 2159 satis
1061 2096 1168 2179 opinor
1190 2117 1239 2158 me
1262 2095 1313 2159 de·

210 2207 442 2270 monstravisse.
490 2206 615 2283 Restat,
646 2215 682 2270 ut
714 2206 751 2270 ad
783 2206 990 2271 confirmanda
1014 2205 1097 2269 dicta
1120 2205 1251 2269 breviter
1273 2205 1312 2270 de

213 2317 350 2400 singulis
374 2317 559 2401 quibusdam
584 2341 671 2403 agam
695 2319 781 2382 locis.

261 2428 278 2510 b
302 2429 331 2490 3.
378 2429 495 2510 σίσερον
529 2432 565 2501 ὡς
593 2432 706 2505 ἡλικίων
730 2425 796 2509 εἶχε
819 2429 914 2505 λέγων
937 2451 965 2492 σι
990 2425 1216 2505 διοιπροίττεσίοιι
1241 2425 1311 2505 σιωρ’

214 2539 303 2618 ὑμῖν,
328 2537 345 2612 ἢ
367 2541 408 2618 τῷ
432 2539 549 2614 ccupare
570 2539 727 2615 πιστεύων,
749 2535 794 2602 tva
809 2537 914 2619 ὑβρίζοι
934 2537 973 2608 είς
993 2542 1048 2601 τῶν
1065 2537 1207 2616 ὑμετέρων
1226 2534 1310 2611 σινοί;

216 2646 298 2730 (scil.
322 2649 500 2726 εἰιείιίμιισεν
524 2647 560 2713 ἂν
579 2649 780 2734 ὀλιγωρχίοις).
827 2648 985 2713 Sententia
1014 2647 1088 2711 haec
1115 2646 1209 2709 fuisse
1232 2645 1314 2709 vide-

216 2765 273 2820 tur
302 2759 417 2838 ιιίτερον
444 2759 545 2825 ε’ίέλων
568 2784 596 2824 τι
620 2759 810 2824 νεανιεύεσθαι
835 2760 851 2835 ἢ
876 2759 1015 2839 ὑβρίζειν;
1040 2756 1078 2820 In
1100 2755 1196 2833 λέγων
1219 2755 1313 2820 latere

222 2867 346 2932 videtur
368 2870 469 2934 ε’ίέλων
492 2869 539 2933 vel
562 2869 695 2951 ἐλπίζων.
742 2870 874 2935 Ἡλικίοιν
897 2871 930 2933 in
954 2869 1068 2942 ἡλικίως
1092 2865 1285 2931 mutandum.

266 2981 335 3064 i9·
382 2977 446 3045 ὥσθ’
470 2982 493 3044 οἱ
517 2981 618 3045 πολλοὶ
647 2981 748 3045 notare
771 2981 923 3058 ἐγίνωσκον
948 2982 1053 3044 αὐτῶν.
1093 2978 1177 3041 Fort.
1201 2975 1337 3052 σννεγί-”

137 3152 142 3158 ,
218 3113 348 3167 γνωσιων
371 3093 478 3162 αὐτοῖς.
527 3084 767 3169 Σωγγιγνώσκειι
790 3091 845 3157 τινί
868 3096 1013 3155 assentiri
1034 3093 1129 3154 alicui
1150 3087 1313 3171 aliquoties

216 3200 313 3264 habet
337 3201 532 3285 Thucydides
556 3210 587 3265 et
610 3201 716 3266 Isaeus
742 3205 771 3265 8.
797 3204 856 3265 38:
882 3207 937 3266 τῶν
958 3200 1052 3281 Φίλων
1068 3204 1313 3274 μοιτωῦτοισογ-

218 3311 449 3388 γιγνωσκόντων.

265 3424 356 3506 §12¹
404 3423 447 3489 ἕν’
471 3423 576 3499 ἐξέτινε
600 3427 640 3505 τῷ
663 3425 796 3504 δημοσίῳ.
843 3423 1000 3488 Nimirum
1020 3422 1158 3502 Φρύνιχος
1178 3419 1218 3482 rab
1238 3420 1314 3496 ὀφει-

219 3532 334 3607 λόμενον
358 3540 412 3596 aut
435 3535 487 3605 ria
510 3525 627 3614 ζνωίων.
664 3535 741 3598 Mire
758 3535 876 3600 ἐκτίνειν
892 3534 1032 3598 absolute
1048 3531 1192 3618 ponitur;
1209 3550 1314 3613 quam·

220 3665 313 3726 quam
337 3645 369 3707 in
395 3644 451 3707 hoc
475 3652 594 3708 oratore
617 3646 744 3708 fortasse
768 3644 936 3709 ferendum.
978 3643 1024 3707 Cf.
1048 3645 1065 3727 p
1089 3645 1124 3703 6:
1159 3641 1183 3703 οἱ
1211 3638 1313 3718 δὀὐχ

220 3754 388 3830 ὑπὲροεινοιν.

266 3865 283 3946 ᾧ
307 3869 359 3928 13.
405 3864 451 3930 tta
475 3866 522 3930 τὸν
547 3867 600 3944 μὲν
623 3866 798 3944 βουλόμενον
822 3865 948 3949 γροίφοι,
978 3865 1001 3928 εί
1027 3863 1056 3928 δὲ
1079 3887 1120 3942 τῳ
1142 3863 1183 3938 μὴ
1207 3855 1260 3924 οἷον
1283 3857 1312 3921 r'

220 3974 280 4048 εἴν,
304 3975 461 4057 χαρίζοιτο.
508 3975 672 4062 Delegcrat
695 3979 840 4041 maiorem
863 3997 1043 4050 numerum,
1068 3979 1104 4036 ut
1125 3971 1180 4056 qui
1194 3969 1313 4033 nollent

161 4067 163 4071 ¹
221 4085 351 4169 collegio
386 4085 515 4150 adscribi
554 4110 694 4152 recusare
732 4095 874 4172 possent,
906 4087 1008 4170 iisqne
1038 4093 1106 4146 tum
1137 4080 1264 4145 exemtis
1295 4101 1311 4142 e

134 4265 138 4270 ,
222 4197 381 4281 catalogo,
413 4219 558 4260 numerus
590 4205 693 4262 tamen
723 4197 876 4261 sufficiens
908 4200 1099 4279 superessem
1131 4192 1175 4254 ita
1205 4189 1311 4254 multis

223 4313 345 4390 gratum
375 4309 472 4373 facere
503 4315 632 4393 poterat.
679 4308 845 4372 Divinatur
876 4307 951 4370 haec
974 4305 1127 4368 sententia
1150 4325 1186 4366 ex
1209 4301 1310 4365 verbis

223 4416 358 4482 obscuris
394 4421 417 4484 εἰ
443 4413 496 4483 οἷίν
524 4419 552 4483 τ’
570 4418 611 4492 eia
638 4440 679 4482 sc.
696 4423 751 4482 τῶν
767 4415 1011 4496 πεντωκιςχιλίων
1027 4411 1107 4479 εἴρων
1145 4412 1310 4498 Exspectes
