3128 5208
692 471 732 531 25

165 672 305 735 novisset
328 671 480 735 orationes
503 670 612 756 Lysiae
636 677 666 734 et
678 670 709 734 iu
730 669 905 734 universum
924 669 1064 733 meliores
1081 691 1172 752 quam
1188 691 1252 733 uos.

215 781 291 847 Non
313 784 412 847 maius
436 783 600 848 discrimen
623 791 669 846 est
690 783 770 850 inter
793 789 947 846 auctorem
967 781 1080 866 dialogi
1096 781 1134 844 de
1149 778 1256 844 Orato-

164 894 255 958 ribus
279 903 310 959 et
332 895 490 972 Tacitum,
515 916 607 978 quam
630 894 709 958 inter
731 893 786 958 has
810 915 885 977 quas
908 893 1036 978 legimus
1060 893 1209 957 orationes
1226 897 1256 955 et

165 1005 328 1070 Eroticum
352 1007 386 1070 in
408 1006 546 1071 Platonis
569 1005 725 1084 Phaedro,
750 1028 841 1089 quem
865 1013 936 1068 sunt
960 1005 1012 1089 qui
1034 1003 1144 1088 Lysiae
1159 1004 1255 1089 ipsius

167 1141 236 1181 esse
259 1125 380 1203 putent.
428 1118 487 1182 Sed
510 1125 660 1183 oratorem
684 1125 753 1183 ante
779 1117 967 1196 anarchiam,
992 1139 1088 1202 quum
1110 1117 1142 1181 in
1165 1115 1255 1181 Italia

166 1237 307 1293 versatus
339 1238 369 1293 ct
397 1230 526 1294 Athenis
557 1230 708 1294 orationes
739 1228 882 1293 iuridicas
912 1229 980 1293 aliis
1002 1250 1063 1293 uon
1093 1227 1254 1305 scriberet,

167 1341 225 1405 sed
252 1341 457 1426 sophistarum
483 1349 581 1406 castra
603 1348 797 1426 sequeretur,
822 1340 912 1425 longe
935 1340 1025 1404 aliam
1050 1339 1255 1423 eloquentiam

166 1452 317 1529 coluisse,
342 1474 434 1536 quam
458 1459 578 1537 postea,
604 1473 657 1538 per
679 1475 711 1516 se
734 1449 889 1536 probabile
905 1457 994 1516 estet
1014 1457 1159 1515 testatum
1175 1451 1255 1514 inve-

166 1564 271 1628 nimus
295 1585 313 1626 a
335 1563 557 1648 Theophrasto.
603 1562 662 1628 Sed
685 1563 866 1628 iuvenilium
891 1562 1085 1627 conaminum
1102 1563 1134 1626 in
1150 1569 1255 1626 nostra

167 1674 287 1760 sylloge
317 1699 415 1740 unum
444 1676 571 1740 fortasse
594 1675 806 1740 tantummodo
830 1681 928 1739 exstat
951 1675 1102 1759 specimen
1126 1676 1180 1756 (or.
1206 1675 1253 1758 8),

166 1799 199 1852 et
230 1788 397 1872 Dionysius
428 1810 464 1851 ex
495 1810 530 1851 ea
560 1794 658 1851 aetate
681 1786 759 1852 nihil
782 1793 891 1850 notatu
915 1786 1043 1872 dignum
1066 1785 1202 1870 putavit,
1228 1785 1254 1848 si

165 1899 260 1963 modo
292 1897 409 1984 aliquid
437 1899 561 1984 legerit;
590 1907 787 1963 memorasset
817 1898 924 1983 procul
954 1897 1048 1963 dubio
1076 1897 1149 1960 vitia
1170 1895 1254 1960 illius

167 2010 352 2094 antiquioris
380 2011 514 2075 rationis.
562 2000 714 2090 Quocirca
737 2010 775 2074 de
799 2032 834 2074 ea
857 2011 955 2095 priore
979 2017 1063 2094 parte
1087 2008 1254 2094 disputatio

166 2121 336 2185 admodum
359 2121 475 2185 incerto
497 2121 623 2187 tibicine
646 2122 764 2186 nititur.
804 2120 870 2184 Nos
894 2121 1017 2204 quidem
1036 2120 1254 2206 inpraesentia

165 2232 223 2296 illa
238 2232 452 2317 disquisitione
467 2233 558 2296 missa
574 2254 771 2317 properamus
788 2232 993 2296 adorationes
1009 2230 1096 2296 nobis
1112 2239 1253 2296 serratas.

244 2939 287 3004 ΙΙ.
336 2937 570 3005 ΑΝΝΟΤΑΤΑ
601 2939 659 3005 AD
691 2939 901 3004 SINGULAS
932 2939 1180 3005 ORATIONES.

359 3161 380 3204 1·
407 3169 477 3207 ΥΠΕΡ
499 3169 554 3208 ΤΟΤ
575 3170 793 3210 ΕΡΑΤΟΣΘΕΝΟΤΣ
813 3171 906 3208 ΦΟΝΟΤ
920 3171 1068 3209 anonom-

215 3349 438 3436 Perspicuitate
469 3360 499 3418 et
530 3353 682 3418 evidentia
705 3354 887 3418 narrationis
911 3377 972 3418 una
995 3355 1027 3418 in
1051 3355 1156 3439 paucis
1181 3355 1254 3420 haec
1282 3417 1288 3431 ,

172 3463 267 3527 oratio
299 3463 420 3528 excellit
427 3491 436 3542 ;
466 3487 521 3529 nec
552 3465 640 3530 facile
671 3467 740 3550 quis
771 3465 907 3544 dubitet,
940 3466 1014 3551 quin
1039 3488 1181 3550 germana
1204 3466 1252 3529 sit.

94 3577 96 3581 ’
170 3572 271 3638 Pauca
305 3575 400 3660 igitur
423 3583 494 3640 sunt
518 3587 572 3641 aut
595 3577 794 3656 illustranda,
819 3585 873 3641 aut
895 3577 1101 3654 defendenda,
1127 3587 1180 3641 aut
1204 3578 1255 3641 de-

170 3685 264 3769 nique
286 3685 483 3751 emendanda.

213 3797 229 3879 q
253 3799 282 3859 9.
316 3803 424 3876 πρῶτον
455 3801 507 3875 μὲν
530 3796 575 3865 οὖν
598 3839 642 3848 -
665 3799 773 3865 οἷκίδνόν
797 3801 860 3864 ἐστι’
883 3825 931 3878 μοι
954 3799 1086 3872 διπλοῦν,
1110 3802 1161 3865 lca
1185 3799 1253 3880 ἔχον

169 3909 209 3970 rt
231 3906 288 3972 cluo
311 3917 383 3980 τοῖς
407 3911 502 3986 adro,
526 3913 624 3976 aaut
646 3914 697 3986 rhu
716 3920 974 3990 γυναικωνῖτιν
994 3912 1055 3976 cal
1075 3914 1172 3977 card
1191 3913 1253 3985 rhu

169 4019 379 4095 indueritis.
426 4020 495 4089 Nisi
526 4030 677 4108 postrema
708 4023 799 4088 verba
830 4047 920 4088 sensu
951 4045 1035 4087 cassa
1066 4046 1130 4088 esse
1159 4023 1250 4101 volu,

170 4131 367 4196 statuendum
390 4144 451 4211 est,
477 4145 538 4198 tam
562 4137 697 4201 virorum
721 4159 813 4221 quam
828 4137 993 4201 mulierum
1008 4136 1149 4200 conclave
1165 4134 1251 4199 binas

170 4241 311 4306 hahuisse
343 4245 603 4330 contignationes;
631 4269 727 4331 quum
757 4248 832 4312 dicit
855 4248 950 4312 κντνὶ
972 4273 1000 4312 r.
1024 4270 1056 4323 γ.
1081 4245 1131 4311 nal
1156 4247 1251 4310 νντόν

171 4377 196 4414 τ.
219 4355 250 4418 ct.
275 4353 424 4436 significat
447 4357 479 4419 in
503 4379 624 4441 quaque
648 4367 732 4442 parte
756 4359 849 4422 fuisse
873 4359 1002 4438 ὑπερῷον.
1037 4356 1160 4421 Solebat
1176 4378 1252 4420 uxor

171 4462 203 4525 in
218 4465 456 4549 gynaeconitidis
472 4469 627 4554 superiore
641 4471 869 4555 contignatione
885 4476 1077 4559 pernoctarc;
1093 4476 1165 4533 nato
1181 4489 1251 4532 vero
