3074 5210
708 437 769 500 147

187 631 261 696 litus
285 637 381 721 esset,
403 633 526 718 iamque
545 640 705 718 appareret
721 632 839 716 aliquid
855 633 1085 698 concedendum
1101 653 1167 696 esse
1183 631 1286 696 demo·

186 743 311 822 cratiae,
342 743 549 826 promiserunt
572 742 789 827 quadringenti
814 765 846 806 ae
870 744 1008 828 quinque
1031 741 1130 806 millia
1153 742 1283 817 civium,

185 874 297 916 vanum
324 859 415 916 antea
437 874 550 916 nomen
574 853 622 934 (cl.
648 852 731 916 locos
753 850 835 938 apud
862 853 973 928 Grote,
991 851 1073 916 VIII
1096 853 1149 917 at.
1175 873 1205 914 n.
1232 853 1283 934 2),

182 963 243 1026 mm
265 985 299 1028 re
322 983 394 1026 vera
417 962 632 1046 designaturus
656 983 730 1026 esse.
778 961 818 1024 llt
842 971 971 1046 urgente
994 961 1175 1027 necessitate
1201 960 1285 1025 credi

183 1081 315 1156 possunt
339 1073 524 1138 concessisse
548 1079 583 1136 ut
607 1072 753 1136 electores
775 1073 981 1157 (κοινολογεῑς)
998 1073 1136 1156 quinque
1152 1070 1286 1136 millium

183 1183 265 1247 ma
281 1183 385 1262 φυλάς
403 1181 647 1266 designarentur.
672 1181 864 1266 Polystratus
887 1182 985 1266 igitur
1001 1189 1067 1246 tum
1084 1205 1102 1246 a
1118 1181 1284 1246 tribulibus

184 1293 374 1370 κοιτοολογεύο
403 1294 515 1370 creari,
544 1292 616 1356 dein
647 1291 881 1378 quadringentis
905 1293 1038 1358 adscribi
1061 1293 1172 1379 potuit.
1220 1289 1285 1372 Qui

184 1404 300 1467 factum
329 1404 388 1482 sit,
418 1412 453 1467 ut
483 1404 567 1468 solus
591 1404 644 1469 ille
667 1426 772 1470 omnes
796 1403 979 1490 designarit,
1004 1426 1065 1468 non
1091 1425 1216 1488 possum
1241 1402 1286 1467 di-

184 1536 269 1592 cere,
301 1535 402 1598 neque
430 1514 696 1599 operaepretium
720 1521 766 1578 est
789 1514 949 1579 coniicere.
997 1512 1075 1578 Octo
1099 1512 1208 1578 diebus
1231 1537 1285 1578 κον-

187 1623 338 1703 retegatis
363 1623 434 1710 (la)
466 1631 496 1688 et
528 1633 651 1688 senator
674 1627 743 1709 (14)
767 1625 845 1702 fuit3
870 1631 936 1688 tum
961 1631 1124 1710 antequam
1150 1625 1288 1709 quinque

183 1735 285 1800 millia
308 1758 340 1800 re
364 1757 436 1800 vera
457 1736 600 1800 instituta
625 1744 715 1814 sunt,
740 1736 844 1800 subito
864 1735 981 1801 bellum
998 1735 1173 1800 Euboicum
1189 1735 1284 1799 mina·

183 1854 255 1925 tur,
280 1845 319 1910 de
343 1867 406 1929 quo
429 1845 526 1910 Thac.
552 1867 578 1910 c.
604 1849 657 1910 94.
689 1845 793 1931 Igitur
817 1845 1020 1931 expeditionis
1044 1845 1197 1911 Eretriam
1217 1868 1286 1932 pro-

186 1979 259 2041 pere
289 1957 401 2021 missae
433 1957 533 2021 socius
560 1957 647 2024 ἐδόκει
677 1959 739 2022 ἐκεῖ
763 1959 815 2031 τὴν
845 1957 947 2038 ψυχὴν
970 1958 1001 2022 οὗ
1026 1952 1233 2036 arangisclum
1257 1959 1286 2022 ἐν

183 2076 252 2140 τοοῑς
276 2067 462 2147 ναυμαχίαις
487 2066 674 2152 (dequibus
698 2067 736 2131 cf.
761 2066 857 2132 Thac.
883 2069 948 2150 95).
985 2066 1090 2146 Quum
1106 2065 1285 2130 vulneratus

185 2177 312 2242 domum
341 2176 472 2254 rediret,
500 2178 561 2240 iam
584 2199 631 2240 res
655 2199 817 2242 conversae
841 2183 937 2241 eraut.
985 2176 1070 2240 Haec
1094 2178 1120 2241 si
1143 2176 1286 2262 probabi.

186 2287 258 2352 liter
287 2287 446 2372 disputata
476 2286 637 2365 videntur,
666 2288 747 2350 inter
770 2309 835 2364 res,
861 2309 936 2370 quas
960 2293 1064 2350 namet
1086 2286 1285 2371 Thucydides

188 2421 214 2462 c.
239 2401 281 2461 93
307 2397 366 2462 sub
390 2397 441 2460 fin.
467 2403 497 2460 et
520 2419 546 2460 o.
572 2401 615 2460 94
638 2397 726 2474 init,
751 2397 844 2481 paulo
868 2398 999 2482 amplius
1023 2405 1092 2462 octo
1109 2397 1173 2461 dies
1191 2397 1284 2461 iuter·

186 2515 269 2572 suut.
311 2505 394 2572 Nam
418 2508 537 2572 etiamsi
560 2529 638 2593 quae
662 2515 764 2572 orator
786 2510 803 2592 q
829 2510 869 2571 14
893 2507 931 2571 de
947 2508 1102 2585 ἐπιβολαῖς
1120 2515 1150 2572 et
1167 2506 1285 2587 ζνμίοονς

186 2618 278 2682 refert
302 2639 358 2702 pro
382 2618 534 2702 praesenti
557 2625 694 2702 tempore
718 2619 789 2682 licta
811 2619 890 2695 sint,
914 2627 1017 2682 tamen
1042 2617 1080 2682 ad
1101 2618 1285 2682 creationem

185 2727 347 2792 tribulium
369 2727 562 2810 aliquantum
582 2728 726 2812 temporis
746 2728 970 2813 requirebatur.
1007 2727 1078 2792 Non
1104 2727 1199 2792 dubio
1225 2751 1288 2793 ma·

186 2839 283 2903 iorem
312 2860 377 2902 esse
406 2839 613 2903 coniecturam
636 2841 841 2925 propositam,
868 2841 941 2904 satis
966 2848 1102 2926 apparet.
1150 2838 1286 2903 Tantum

187 2947 353 3033 periclitari
384 2947 488 3025 volui,
517 2955 658 3032 possetne
682 2971 729 3012 res
753 2949 797 3012 sic
820 2949 900 3013 facta
924 2951 1051 3034 cogitari
1075 2959 1111 3013 ut
1133 2950 1209 3014 fides
1232 2973 1287 3015 sua

188 3059 302 3122 oratori
333 3064 504 3136 constaret;
536 3057 568 3122 id
601 3065 704 3122 autem
734 3081 773 3122 ne
805 3059 995 3142 sicquidem
1020 3059 1110 3144 plane
1132 3060 1285 3138 succedit;

188 3166 394 3252 negligentiae
422 3169 504 3232 enim
533 3189 596 3232 non
619 3169 766 3233 liberatur
790 3168 982 3233 confundens
1006 3171 1191 3234 creationem
1214 3193 1287 3253 qua-

189 3277 422 3361 dringentorum
450 3289 481 3340 et
504 3277 695 3355 κοννοολογέων
718 3281 735 3363 b
761 3281 788 3340 l.
836 3277 979 3342 Ceterum
1005 3286 1086 3343 errat
1109 3279 1205 3344 Grote
1229 3289 1288 3342 sta-

190 3392 280 3449 tuens
311 3395 381 3451 octo
410 3387 519 3453 diebus
552 3395 619 3453 cate
648 3394 807 3473 impcn'um
841 3388 1075 3475 quadringentis
1105 3391 1286 3474 abrogatum

190 3497 399 3583 Polystratum
431 3501 548 3564 socium
584 3499 712 3585 collegio
751 3499 845 3563 luisse
880 3499 1086 3584 adseriptnm;
1122 3499 1287 3565 dicendum

192 3614 272 3671 erat:
290 3614 360 3672 ante
380 3607 606 3694 expeditionem
626 3609 847 3686 Eretriensem,
867 3631 946 3692 quae
964 3610 1071 3693 procul
1088 3611 1183 3678 dubio
1197 3613 1287 3677 enam

193 3716 311 3801 aliquot
335 3718 485 3784 absumsit
508 3719 572 3783 dies
596 3718 678 3803 (Vol.
692 3717 785 3782 VIII.
809 3741 839 3803 p.
866 3721 926 3796 68,
952 3721 1020 3804 sq).

236 3827 295 3891 His
335 3830 533 3913 praemonitis
570 3830 691 3894 facilius
722 3830 780 3894 erit
809 3830 847 3893 de
882 3828 978 3892 altera
1008 3830 1065 3894 hac
1096 3833 1288 3897 accusatione

194 3943 337 4002 statuere.
384 3939 431 4003 De
455 3962 491 4005 ea
514 3942 656 4025 agiturb
684 3943 740 4004 142
767 3936 922 4010 saturicos
944 3940 1000 4015 μὲν
1023 3941 1084 4006 οὔτ’
1106 3943 1191 4007 εἰπὼν
1215 3943 1289 4019 μνώ-

192 4071 249 4125 μνν
275 4048 429 4132 οὐδεμίαν,
461 4051 528 4115 οὔτε
556 4052 644 4115 πλέον
672 4052 745 4116 ὀκτὼ
770 4055 879 4130 ἡμερῶν
902 4050 1030 4120 alcestin
1052 4054 1091 4125 εἷς
1114 4052 1147 4116 τὸ
1169 4053 1289 4130 βουλευ-

192 4158 283 4236 τήριον
318 4153 401 4241 ὦφλε
435 4162 584 4241 χρήματα
617 4168 765 4244 cerebra,
796 4170 827 4226 et
860 4163 877 4245 b
913 4162 971 4222 18:
1011 4161 1061 4225 κοιὶ
1096 4165 1138 4239 μὴ
1173 4163 1289 4242 taupe-

193 4266 248 4348 {sd’
275 4265 317 4334 dre
348 4269 470 4334 τοοοοῦτ)
500 4266 584 4350 ὦφλε
612 4272 778 4351 gutuera·
812 4271 913 4352 ἔρημον
943 4269 1029 4354 (olim
1053 4270 1146 4355 vulgo
1169 4273 1287 4359 ἐρήμην)

192 4377 250 4460 γὰρ
277 4379 366 4445 αὐτὸν
394 4380 560 4457 λαβόντες,
590 4383 681 4446 αὐτοῦ
708 4405 741 4445 rr
770 4380 819 4445 ael
845 4383 924 4457 ἡμῶν
950 4386 1177 4459 κατηγοροῦντες
1203 4379 1287 4450 εἶλον.

1111 4495 1168 4552 10*
