<?xml version="1.0" encoding="UTF-8"?>
<!DOCTYPE html PUBLIC "-//W3C//DTD XHTML 1.0 Transitional//EN"
    "http://www.w3.org/TR/xhtml1/DTD/xhtml1-transitional.dtd">
<html xmlns="http://www.w3.org/1999/xhtml" xml:lang="en" lang="en">
 <head>
  <title>
</title>
<meta http-equiv="Content-Type" content="text/html;charset=utf-8" />
  <meta name='ocr-system' content='tesseract 3.04.00' />
  <meta name='ocr-capabilities' content='ocr_page ocr_carea ocr_par ocr_line ocrx_word'/>
</head>
<body>
  <div class='ocr_page' id='page_1' title='image "./commentationesl02frangoog_0220.png"; bbox 0 0 3126 5210; ppageno 0'>
   <div class='ocr_carea' id='block_1_1' title="bbox 675 465 738 528">
    <p class='ocr_par' dir='ltr' id='par_1_1' title="bbox 675 465 738 528">
     <span class='ocr_line' id='line_1_1' title="bbox 675 465 738 528; baseline 0 -1"><span class='ocrx_word' id='word_1_1' title='bbox 675 465 738 528; x_wconf 74' lang='lat'>205</span> 
     </span>
    </p>
   </div>
   <div class='ocr_carea' id='block_1_2' title="bbox 244 704 1171 748">
    <p class='ocr_par' dir='ltr' id='par_1_2' title="bbox 244 704 1171 748">
     <span class='ocr_line' id='line_1_2' title="bbox 244 704 1171 748; baseline -0.006 -2"><span class='ocrx_word' id='word_1_2' title='bbox 244 704 319 746; x_wconf 80' lang='lat' dir='ltr'>XXX.</span> <span class='ocrx_word' id='word_1_3' title='bbox 349 710 425 748; x_wconf 81' lang='grc' dir='ltr'><strong>ΚΑΤΑ</strong></span> <span class='ocrx_word' id='word_1_4' title='bbox 447 708 616 748; x_wconf 71' lang='grc' dir='ltr'><strong>ΝΙΚΟΜΑΧΟΎ</strong></span> <span class='ocrx_word' id='word_1_5' title='bbox 637 709 832 748; x_wconf 77' lang='grc' dir='ltr'><strong>ΓΡΑΜΜΑΤΕΩΣ</strong></span> <span class='ocrx_word' id='word_1_6' title='bbox 852 709 987 746; x_wconf 73' lang='grc' dir='ltr'><strong>ΕΤΘΤΝΩΝ</strong></span> <span class='ocrx_word' id='word_1_7' title='bbox 1007 705 1171 746; x_wconf 67' lang='lat' dir='ltr'>taracona.</span> 
     </span>
    </p>
   </div>
   <div class='ocr_carea' id='block_1_3' title="bbox 95 879 1336 4482">
    <p class='ocr_par' dir='ltr' id='par_1_3' title="bbox 95 879 1336 4482">
     <span class='ocr_line' id='line_1_3' title="bbox 204 879 1336 966; baseline -0.003 -22"><span class='ocrx_word' id='word_1_8' title='bbox 204 880 412 946; x_wconf 88' lang='lat' dir='ltr'>Nicomachus</span> <span class='ocrx_word' id='word_1_9' title='bbox 444 881 555 945; x_wconf 91' lang='lat' dir='ltr'>humili</span> <span class='ocrx_word' id='word_1_10' title='bbox 586 881 654 946; x_wconf 90' lang='lat' dir='ltr'>loco</span> <span class='ocrx_word' id='word_1_11' title='bbox 682 889 773 945; x_wconf 89' lang='lat' dir='ltr'>natus</span> <span class='ocrx_word' id='word_1_12' title='bbox 796 882 900 966; x_wconf 90' lang='lat' dir='ltr'>legum</span> <span class='ocrx_word' id='word_1_13' title='bbox 925 881 1033 966; x_wconf 89' lang='lat' dir='ltr'>peritia</span> <span class='ocrx_word' id='word_1_14' title='bbox 1056 881 1094 944; x_wconf 89' lang='lat' dir='ltr'>ad</span> <span class='ocrx_word' id='word_1_15' title='bbox 1118 879 1252 963; x_wconf 90' lang='lat' dir='ltr'>aliquam</span> <span class='ocrx_word' id='word_1_16' title='bbox 1325 929 1336 952; x_wconf 85' lang='lat'>,</span> 
     </span>
     <span class='ocr_line' id='line_1_4' title="bbox 160 972 1255 1076; baseline -0.004 -22"><span class='ocrx_word' id='word_1_17' title='bbox 160 991 374 1076; x_wconf 80' lang='lat' dir='ltr'><strong>dignationem</strong></span> <span class='ocrx_word' id='word_1_18' title='bbox 399 992 546 1076; x_wconf 88' lang='lat' dir='ltr'>pervenit.</span> <span class='ocrx_word' id='word_1_19' title='bbox 594 990 676 1055; x_wconf 90' lang='lat' dir='ltr'>Nam</span> <span class='ocrx_word' id='word_1_20' title='bbox 700 992 837 1076; x_wconf 87' lang='lat' dir='ltr'>quamvis</span> <span class='ocrx_word' id='word_1_21' title='bbox 869 996 955 1076; x_wconf 91' lang='lat' dir='ltr'>pater</span> <span class='ocrx_word' id='word_1_22' title='bbox 978 972 1082 1054; x_wconf 82' lang='lat' dir='ltr'>servus</span> <span class='ocrx_word' id='word_1_23' title='bbox 1111 989 1255 1075; x_wconf 87' lang='lat' dir='ltr'>publicus</span> 
     </span>
     <span class='ocr_line' id='line_1_5' title="bbox 160 1099 1255 1185; baseline -0.002 -21"><span class='ocrx_word' id='word_1_24' title='bbox 160 1109 242 1164; x_wconf 88' lang='lat' dir='ltr'>esset</span> <span class='ocrx_word' id='word_1_25' title='bbox 264 1101 435 1184; x_wconf 69' lang='grc' dir='ltr'>(δημόσιος),</span> <span class='ocrx_word' id='word_1_26' title='bbox 457 1100 527 1184; x_wconf 81' lang='lat' dir='ltr'>¹ipse</span> <span class='ocrx_word' id='word_1_27' title='bbox 543 1100 642 1164; x_wconf 90' lang='lat' dir='ltr'>scriba</span> <span class='ocrx_word' id='word_1_28' title='bbox 659 1099 953 1185; x_wconf 69' lang='lat' dir='ltr'>(drcypcasaarsdr),</span> <span class='ocrx_word' id='word_1_29' title='bbox 971 1106 1072 1164; x_wconf 88' lang='lat' dir='ltr'>tamen</span> <span class='ocrx_word' id='word_1_30' title='bbox 1090 1121 1186 1183; x_wconf 89' lang='lat' dir='ltr'>quum</span> <span class='ocrx_word' id='word_1_31' title='bbox 1203 1122 1255 1162; x_wconf 93' lang='lat' dir='ltr'>an·</span> 
     </span>
     <span class='ocr_line' id='line_1_6' title="bbox 160 1209 1256 1294; baseline 0 -22"><span class='ocrx_word' id='word_1_32' title='bbox 160 1210 250 1292; x_wconf 85' lang='lat' dir='ltr'>tiqua</span> <span class='ocrx_word' id='word_1_33' title='bbox 287 1209 474 1294; x_wconf 87' lang='lat' dir='ltr'>reipublicae</span> <span class='ocrx_word' id='word_1_34' title='bbox 505 1210 603 1273; x_wconf 84' lang='lat' dir='ltr'>forma</span> <span class='ocrx_word' id='word_1_35' title='bbox 635 1217 704 1294; x_wconf 85' lang='lat' dir='ltr'>post</span> <span class='ocrx_word' id='word_1_36' title='bbox 737 1209 978 1294; x_wconf 88' lang='lat' dir='ltr'>quadringentos</span> <span class='ocrx_word' id='word_1_37' title='bbox 1016 1209 1256 1286; x_wconf 84' lang='lat' dir='ltr'>instauraret-ur,</span> 
     </span>
     <span class='ocr_line' id='line_1_7' title="bbox 163 1317 1258 1403; baseline 0.002 -23"><span class='ocrx_word' id='word_1_38' title='bbox 163 1318 222 1382; x_wconf 95' lang='lat' dir='ltr'>hoc</span> <span class='ocrx_word' id='word_1_39' title='bbox 253 1319 280 1383; x_wconf 93' lang='lat' dir='ltr'>ei</span> <span class='ocrx_word' id='word_1_40' title='bbox 312 1320 447 1383; x_wconf 89' lang='lat' dir='ltr'>muneris</span> <span class='ocrx_word' id='word_1_41' title='bbox 480 1319 586 1384; x_wconf 90' lang='lat' dir='ltr'>datum</span> <span class='ocrx_word' id='word_1_42' title='bbox 619 1328 665 1383; x_wconf 91' lang='lat' dir='ltr'>est</span> <span class='ocrx_word' id='word_1_43' title='bbox 696 1326 731 1383; x_wconf 91' lang='lat' dir='ltr'>ut</span> <span class='ocrx_word' id='word_1_44' title='bbox 761 1317 882 1384; x_wconf 82' lang='lat' dir='ltr'>Solonis</span> <span class='ocrx_word' id='word_1_45' title='bbox 906 1318 988 1403; x_wconf 89' lang='lat' dir='ltr'>leges</span> <span class='ocrx_word' id='word_1_46' title='bbox 1012 1341 1049 1382; x_wconf 85' lang='lat' dir='ltr'>ex</span> <span class='ocrx_word' id='word_1_47' title='bbox 1072 1320 1187 1385; x_wconf 87' lang='lat' dir='ltr'>tabulis</span> <span class='ocrx_word' id='word_1_48' title='bbox 1211 1342 1258 1382; x_wconf 86' lang='lat' dir='ltr'>ve·</span> 
     </span>
     <span class='ocr_line' id='line_1_8' title="bbox 163 1429 1260 1515; baseline 0 -24"><span class='ocrx_word' id='word_1_49' title='bbox 163 1429 255 1492; x_wconf 87' lang='lat' dir='ltr'>tustis</span> <span class='ocrx_word' id='word_1_50' title='bbox 288 1438 320 1493; x_wconf 93' lang='lat' dir='ltr'>et</span> <span class='ocrx_word' id='word_1_51' title='bbox 350 1452 438 1514; x_wconf 86' lang='lat' dir='ltr'>aegra</span> <span class='ocrx_word' id='word_1_52' title='bbox 469 1430 635 1495; x_wconf 80' lang='lat' dir='ltr'>intellectis</span> <span class='ocrx_word' id='word_1_53' title='bbox 664 1430 790 1514; x_wconf 80' lang='grc' dir='ltr'>(κύρβεις</span> <span class='ocrx_word' id='word_1_54' title='bbox 814 1429 1023 1515; x_wconf 81' lang='lat' dir='ltr'>appellabant)</span> <span class='ocrx_word' id='word_1_55' title='bbox 1047 1430 1134 1494; x_wconf 88' lang='lat' dir='ltr'>novis</span> <span class='ocrx_word' id='word_1_56' title='bbox 1158 1439 1194 1493; x_wconf 91' lang='lat' dir='ltr'>ut</span> <span class='ocrx_word' id='word_1_57' title='bbox 1217 1429 1260 1491; x_wconf 89' lang='lat' dir='ltr'>vi·</span> 
     </span>
     <span class='ocr_line' id='line_1_9' title="bbox 164 1538 1258 1625; baseline 0 -23"><span class='ocrx_word' id='word_1_58' title='bbox 164 1538 253 1602; x_wconf 90' lang='lat' dir='ltr'>detur</span> <span class='ocrx_word' id='word_1_59' title='bbox 284 1539 395 1602; x_wconf 89' lang='lat' dir='ltr'>litteris</span> <span class='ocrx_word' id='word_1_60' title='bbox 430 1539 608 1625; x_wconf 90' lang='lat' dir='ltr'>(alphabeto</span> <span class='ocrx_word' id='word_1_61' title='bbox 639 1539 757 1624; x_wconf 86' lang='lat' dir='ltr'>lonico)</span> <span class='ocrx_word' id='word_1_62' title='bbox 791 1539 1023 1604; x_wconf 88' lang='lat' dir='ltr'>transscriberet</span> <span class='ocrx_word' id='word_1_63' title='bbox 1054 1540 1258 1624; x_wconf 67' lang='grc' dir='ltr'>(ἀναγράφω).</span> 
     </span>
     <span class='ocr_line' id='line_1_10' title="bbox 165 1647 1260 1734; baseline 0 -22"><span class='ocrx_word' id='word_1_64' title='bbox 165 1647 267 1728; x_wconf 75' lang='lat' dir='ltr'>Quam</span> <span class='ocrx_word' id='word_1_65' title='bbox 291 1649 480 1733; x_wconf 87' lang='lat' dir='ltr'>provinciam</span> <span class='ocrx_word' id='word_1_66' title='bbox 504 1649 560 1714; x_wconf 81' lang='lat' dir='ltr'>etri</span> <span class='ocrx_word' id='word_1_67' title='bbox 584 1650 719 1734; x_wconf 83' lang='lat' dir='ltr'>segniter</span> <span class='ocrx_word' id='word_1_68' title='bbox 742 1649 994 1726; x_wconf 83' lang='lat' dir='ltr'>administrabat,</span> <span class='ocrx_word' id='word_1_69' title='bbox 1020 1671 1114 1733; x_wconf 90' lang='lat' dir='ltr'>quum</span> <span class='ocrx_word' id='word_1_70' title='bbox 1139 1669 1191 1712; x_wconf 83' lang='lat' dir='ltr'>sex</span> <span class='ocrx_word' id='word_1_71' title='bbox 1208 1671 1260 1712; x_wconf 88' lang='lat' dir='ltr'>an·</span> 
     </span>
     <span class='ocr_line' id='line_1_11' title="bbox 165 1757 1258 1844; baseline -0.002 -22"><span class='ocrx_word' id='word_1_72' title='bbox 165 1781 220 1822; x_wconf 91' lang='lat' dir='ltr'>uos</span> <span class='ocrx_word' id='word_1_73' title='bbox 248 1760 416 1823; x_wconf 86' lang='lat' dir='ltr'>insumeret</span> <span class='ocrx_word' id='word_1_74' title='bbox 447 1760 491 1823; x_wconf 88' lang='lat' dir='ltr'>rei</span> <span class='ocrx_word' id='word_1_75' title='bbox 521 1760 560 1824; x_wconf 91' lang='lat' dir='ltr'>ad</span> <span class='ocrx_word' id='word_1_76' title='bbox 593 1782 685 1844; x_wconf 89' lang='lat' dir='ltr'>qnam</span> <span class='ocrx_word' id='word_1_77' title='bbox 717 1767 849 1844; x_wconf 86' lang='lat' dir='ltr'>quatuor</span> <span class='ocrx_word' id='word_1_78' title='bbox 882 1781 1001 1824; x_wconf 89' lang='lat' dir='ltr'>meuses</span> <span class='ocrx_word' id='word_1_79' title='bbox 1032 1757 1169 1822; x_wconf 88' lang='lat' dir='ltr'>sufficere</span> <span class='ocrx_word' id='word_1_80' title='bbox 1202 1757 1258 1820; x_wconf 86' lang='lat' dir='ltr'>visi</span> 
     </span>
     <span class='ocr_line' id='line_1_12' title="bbox 165 1869 1259 1955; baseline 0 -23"><span class='ocrx_word' id='word_1_81' title='bbox 165 1875 280 1946; x_wconf 90' lang='lat' dir='ltr'>essent,</span> <span class='ocrx_word' id='word_1_82' title='bbox 306 1877 407 1933; x_wconf 89' lang='lat' dir='ltr'>tamen</span> <span class='ocrx_word' id='word_1_83' title='bbox 432 1877 494 1934; x_wconf 90' lang='lat' dir='ltr'>tam</span> <span class='ocrx_word' id='word_1_84' title='bbox 520 1870 597 1934; x_wconf 88' lang='lat' dir='ltr'>bene</span> <span class='ocrx_word' id='word_1_85' title='bbox 620 1870 714 1955; x_wconf 90' lang='lat' dir='ltr'>vulgo</span> <span class='ocrx_word' id='word_1_86' title='bbox 737 1869 775 1934; x_wconf 90' lang='lat' dir='ltr'>de</span> <span class='ocrx_word' id='word_1_87' title='bbox 799 1892 835 1934; x_wconf 90' lang='lat' dir='ltr'>eo</span> <span class='ocrx_word' id='word_1_88' title='bbox 859 1869 1094 1946; x_wconf 85' lang='lat' dir='ltr'>existimabant,</span> <span class='ocrx_word' id='word_1_89' title='bbox 1111 1878 1148 1933; x_wconf 93' lang='lat' dir='ltr'>ut</span> <span class='ocrx_word' id='word_1_90' title='bbox 1164 1869 1259 1952; x_wconf 88' lang='lat' dir='ltr'>siqui</span> 
     </span>
     <span class='ocr_line' id='line_1_13' title="bbox 163 1977 1259 2065; baseline 0.001 -24"><span class='ocrx_word' id='word_1_91' title='bbox 163 1977 245 2062; x_wconf 88' lang='lat' dir='ltr'>leges</span> <span class='ocrx_word' id='word_1_92' title='bbox 268 1978 344 2062; x_wconf 93' lang='lat' dir='ltr'>quid</span> <span class='ocrx_word' id='word_1_93' title='bbox 369 1979 626 2065; x_wconf 81' lang='lat' dir='ltr'>praescriberent,</span> <span class='ocrx_word' id='word_1_94' title='bbox 651 1979 799 2044; x_wconf 86' lang='lat' dir='ltr'>sciscitari</span> <span class='ocrx_word' id='word_1_95' title='bbox 818 1979 947 2057; x_wconf 90' lang='lat' dir='ltr'>vellent,</span> <span class='ocrx_word' id='word_1_96' title='bbox 972 1979 1010 2044; x_wconf 91' lang='lat' dir='ltr'>ab</span> <span class='ocrx_word' id='word_1_97' title='bbox 1033 1977 1090 2042; x_wconf 93' lang='lat' dir='ltr'>hoc</span> <span class='ocrx_word' id='word_1_98' title='bbox 1112 2000 1259 2064; x_wconf 88' lang='lat' dir='ltr'>respousa</span> 
     </span>
     <span class='ocr_line' id='line_1_14' title="bbox 167 2088 1259 2172; baseline 0 -20"><span class='ocrx_word' id='word_1_99' title='bbox 167 2095 317 2172; x_wconf 87' lang='lat' dir='ltr'>peterent.</span> <span class='ocrx_word' id='word_1_100' title='bbox 364 2088 436 2154; x_wconf 92' lang='lat' dir='ltr'>Non</span> <span class='ocrx_word' id='word_1_101' title='bbox 464 2091 575 2154; x_wconf 90' lang='lat' dir='ltr'>mirum</span> <span class='ocrx_word' id='word_1_102' title='bbox 604 2091 630 2154; x_wconf 90' lang='lat' dir='ltr'>si</span> <span class='ocrx_word' id='word_1_103' title='bbox 662 2091 712 2154; x_wconf 88' lang='lat' dir='ltr'>hic</span> <span class='ocrx_word' id='word_1_104' title='bbox 742 2098 840 2154; x_wconf 88' lang='lat' dir='ltr'>terrae</span> <span class='ocrx_word' id='word_1_105' title='bbox 871 2089 970 2166; x_wconf 89' lang='lat' dir='ltr'>filius,</span> <span class='ocrx_word' id='word_1_106' title='bbox 995 2089 1097 2153; x_wconf 89' lang='lat' dir='ltr'>nullos</span> <span class='ocrx_word' id='word_1_107' title='bbox 1121 2089 1174 2172; x_wconf 93' lang='lat' dir='ltr'>qui</span> <span class='ocrx_word' id='word_1_108' title='bbox 1197 2111 1259 2152; x_wconf 90' lang='lat' dir='ltr'>ma·</span> 
     </span>
     <span class='ocr_line' id='line_1_15' title="bbox 166 2198 1259 2284; baseline 0.005 -25"><span class='ocrx_word' id='word_1_109' title='bbox 166 2198 245 2261; x_wconf 88' lang='lat' dir='ltr'>iores</span> <span class='ocrx_word' id='word_1_110' title='bbox 269 2198 412 2278; x_wconf 88' lang='lat' dir='ltr'>haberet,</span> <span class='ocrx_word' id='word_1_111' title='bbox 438 2203 654 2267; x_wconf 88' lang='lat' dir='ltr'>auctoritatem</span> <span class='ocrx_word' id='word_1_112' title='bbox 677 2210 780 2266; x_wconf 88' lang='lat' dir='ltr'>tamen</span> <span class='ocrx_word' id='word_1_113' title='bbox 804 2199 960 2284; x_wconf 89' lang='lat' dir='ltr'>quandam</span> <span class='ocrx_word' id='word_1_114' title='bbox 976 2201 1057 2264; x_wconf 90' lang='lat' dir='ltr'>inter</span> <span class='ocrx_word' id='word_1_115' title='bbox 1073 2200 1170 2278; x_wconf 85' lang='lat' dir='ltr'>cives,</span> <span class='ocrx_word' id='word_1_116' title='bbox 1194 2201 1259 2283; x_wconf 92' lang='lat' dir='ltr'>qui-</span> 
     </span>
     <span class='ocr_line' id='line_1_16' title="bbox 166 2307 1258 2396; baseline 0.001 -25"><span class='ocrx_word' id='word_1_117' title='bbox 166 2307 224 2371; x_wconf 92' lang='lat' dir='ltr'>hus</span> <span class='ocrx_word' id='word_1_118' title='bbox 253 2330 359 2372; x_wconf 88' lang='lat' dir='ltr'>recens</span> <span class='ocrx_word' id='word_1_119' title='bbox 386 2309 509 2376; x_wconf 90' lang='lat' dir='ltr'>demum</span> <span class='ocrx_word' id='word_1_120' title='bbox 534 2312 706 2396; x_wconf 88' lang='lat' dir='ltr'>adscriptus</span> <span class='ocrx_word' id='word_1_121' title='bbox 730 2320 826 2388; x_wconf 87' lang='lat' dir='ltr'>esset,</span> <span class='ocrx_word' id='word_1_122' title='bbox 852 2310 910 2375; x_wconf 85' lang='lat' dir='ltr'>sibi</span> <span class='ocrx_word' id='word_1_123' title='bbox 935 2318 1158 2395; x_wconf 81' lang='lat' dir='ltr'>comparasset,</span> <span class='ocrx_word' id='word_1_124' title='bbox 1182 2310 1258 2372; x_wconf 90' lang='lat' dir='ltr'>invi-</span> 
     </span>
     <span class='ocr_line' id='line_1_17' title="bbox 165 2418 1257 2504; baseline 0 -24"><span class='ocrx_word' id='word_1_125' title='bbox 165 2439 217 2480; x_wconf 91' lang='lat' dir='ltr'>sus</span> <span class='ocrx_word' id='word_1_126' title='bbox 240 2419 327 2482; x_wconf 89' lang='lat' dir='ltr'>fieret</span> <span class='ocrx_word' id='word_1_127' title='bbox 349 2426 380 2482; x_wconf 87' lang='lat' dir='ltr'>et</span> <span class='ocrx_word' id='word_1_128' title='bbox 403 2420 527 2484; x_wconf 90' lang='lat' dir='ltr'>odiosus</span> <span class='ocrx_word' id='word_1_129' title='bbox 552 2422 658 2504; x_wconf 90' lang='lat' dir='ltr'>(Arist.</span> <span class='ocrx_word' id='word_1_130' title='bbox 683 2421 760 2484; x_wconf 83' lang='lat' dir='ltr'>Ran.</span> <span class='ocrx_word' id='word_1_131' title='bbox 787 2421 894 2504; x_wconf 81' lang='lat'>1506).</span> <span class='ocrx_word' id='word_1_132' title='bbox 942 2418 1072 2484; x_wconf 87' lang='lat' dir='ltr'>Orimini</span> <span class='ocrx_word' id='word_1_133' title='bbox 1094 2420 1121 2483; x_wconf 90' lang='lat' dir='ltr'>ei</span> <span class='ocrx_word' id='word_1_134' title='bbox 1143 2418 1257 2482; x_wconf 88' lang='lat' dir='ltr'>dabant</span> 
     </span>
     <span class='ocr_line' id='line_1_18' title="bbox 167 2528 1256 2615; baseline -0.001 -23"><span class='ocrx_word' id='word_1_135' title='bbox 167 2529 251 2612; x_wconf 88' lang='lat' dir='ltr'>quod</span> <span class='ocrx_word' id='word_1_136' title='bbox 282 2529 376 2613; x_wconf 87' lang='lat' dir='ltr'>paulo</span> <span class='ocrx_word' id='word_1_137' title='bbox 407 2547 476 2596; x_wconf 84' lang='lat' dir='ltr'>ante</span> <span class='ocrx_word' id='word_1_138' title='bbox 505 2532 633 2615; x_wconf 88' lang='lat' dir='ltr'>triginta</span> <span class='ocrx_word' id='word_1_139' title='bbox 656 2532 791 2596; x_wconf 91' lang='lat' dir='ltr'>virorum</span> <span class='ocrx_word' id='word_1_140' title='bbox 814 2530 1054 2594; x_wconf 84' lang='lat' dir='ltr'>dominationem</span> <span class='ocrx_word' id='word_1_141' title='bbox 1077 2531 1149 2593; x_wconf 89' lang='lat' dir='ltr'>ficta</span> <span class='ocrx_word' id='word_1_142' title='bbox 1171 2528 1256 2612; x_wconf 86' lang='lat' dir='ltr'>lege,</span> 
     </span>
     <span class='ocr_line' id='line_1_19' title="bbox 168 2639 1257 2725; baseline -0.002 -23"><span class='ocrx_word' id='word_1_143' title='bbox 168 2660 229 2720; x_wconf 90' lang='lat' dir='ltr'>quo</span> <span class='ocrx_word' id='word_1_144' title='bbox 262 2640 374 2703; x_wconf 88' lang='lat' dir='ltr'>certius</span> <span class='ocrx_word' id='word_1_145' title='bbox 404 2639 589 2725; x_wconf 81' lang='lat' dir='ltr'>Cleoplionti</span> <span class='ocrx_word' id='word_1_146' title='bbox 619 2640 769 2705; x_wconf 86' lang='lat' dir='ltr'>libertatis</span> <span class='ocrx_word' id='word_1_147' title='bbox 801 2648 929 2725; x_wconf 89' lang='lat' dir='ltr'>patrono</span> <span class='ocrx_word' id='word_1_148' title='bbox 963 2640 1091 2704; x_wconf 78' lang='lat' dir='ltr'>exitium</span> <span class='ocrx_word' id='word_1_149' title='bbox 1120 2644 1257 2724; x_wconf 88' lang='lat' dir='ltr'>pararet,</span> 
     </span>
     <span class='ocr_line' id='line_1_20' title="bbox 168 2747 1260 2836; baseline -0.001 -24"><span class='ocrx_word' id='word_1_150' title='bbox 168 2748 334 2826; x_wconf 87' lang='lat' dir='ltr'>effecisset,</span> <span class='ocrx_word' id='word_1_151' title='bbox 359 2759 396 2812; x_wconf 88' lang='lat' dir='ltr'>ut</span> <span class='ocrx_word' id='word_1_152' title='bbox 419 2751 457 2814; x_wconf 90' lang='lat' dir='ltr'>ad</span> <span class='ocrx_word' id='word_1_153' title='bbox 479 2752 544 2815; x_wconf 89' lang='lat' dir='ltr'>eius</span> <span class='ocrx_word' id='word_1_154' title='bbox 565 2751 714 2815; x_wconf 90' lang='lat' dir='ltr'>iudicium</span> <span class='ocrx_word' id='word_1_155' title='bbox 726 2757 846 2836; x_wconf 86' lang='lat' dir='ltr'>praeter</span> <span class='ocrx_word' id='word_1_156' title='bbox 863 2751 1008 2814; x_wconf 88' lang='lat' dir='ltr'>heliastas</span> <span class='ocrx_word' id='word_1_157' title='bbox 1023 2751 1114 2815; x_wconf 90' lang='lat' dir='ltr'>etiam</span> <span class='ocrx_word' id='word_1_158' title='bbox 1130 2747 1260 2812; x_wconf 81' lang='lat' dir='ltr'>Senatus</span> 
     </span>
     <span class='ocr_line' id='line_1_21' title="bbox 95 2857 1259 2944; baseline 0 -23"><span class='ocrx_word' id='word_1_159' title='bbox 95 2857 103 2870; x_wconf 83' lang='grc'><em>“</em></span> <span class='ocrx_word' id='word_1_160' title='bbox 168 2858 381 2937; x_wconf 85' lang='lat' dir='ltr'>adhiberetur,</span> <span class='ocrx_word' id='word_1_161' title='bbox 406 2881 467 2944; x_wconf 90' lang='lat' dir='ltr'>quo</span> <span class='ocrx_word' id='word_1_162' title='bbox 491 2861 606 2924; x_wconf 87' lang='lat' dir='ltr'>factum</span> <span class='ocrx_word' id='word_1_163' title='bbox 630 2869 710 2926; x_wconf 90' lang='lat' dir='ltr'>esset</span> <span class='ocrx_word' id='word_1_164' title='bbox 733 2867 769 2924; x_wconf 89' lang='lat' dir='ltr'>ut</span> <span class='ocrx_word' id='word_1_165' title='bbox 784 2861 837 2924; x_wconf 91' lang='lat' dir='ltr'>ille</span> <span class='ocrx_word' id='word_1_166' title='bbox 860 2860 1056 2924; x_wconf 82' lang='lat' dir='ltr'>damnaretur</span> <span class='ocrx_word' id='word_1_167' title='bbox 1072 2861 1099 2944; x_wconf 66' lang='lat' dir='ltr'>(d</span> <span class='ocrx_word' id='word_1_168' title='bbox 1118 2862 1172 2933; x_wconf 84' lang='lat' dir='ltr'>ll,</span> <span class='ocrx_word' id='word_1_169' title='bbox 1190 2861 1259 2942; x_wconf 84' lang='lat' dir='ltr'>sq.).</span> 
     </span>
     <span class='ocr_line' id='line_1_22' title="bbox 167 2968 1261 3056; baseline 0 -26"><span class='ocrx_word' id='word_1_170' title='bbox 167 2968 285 3032; x_wconf 81' lang='lat' dir='ltr'>Verum</span> <span class='ocrx_word' id='word_1_171' title='bbox 309 2968 383 3033; x_wconf 87' lang='lat' dir='ltr'>haec</span> <span class='ocrx_word' id='word_1_172' title='bbox 406 2971 438 3034; x_wconf 90' lang='lat' dir='ltr'>in</span> <span class='ocrx_word' id='word_1_173' title='bbox 457 2971 543 3056; x_wconf 88' lang='lat' dir='ltr'>peius</span> <span class='ocrx_word' id='word_1_174' title='bbox 567 2972 633 3036; x_wconf 88' lang='lat' dir='ltr'>sine</span> <span class='ocrx_word' id='word_1_175' title='bbox 658 2971 753 3036; x_wconf 91' lang='lat' dir='ltr'>dubio</span> <span class='ocrx_word' id='word_1_176' title='bbox 778 2978 884 3049; x_wconf 82' lang='lat' dir='ltr'>aucta3</span> <span class='ocrx_word' id='word_1_177' title='bbox 909 2971 983 3034; x_wconf 90' lang='lat' dir='ltr'>satis</span> <span class='ocrx_word' id='word_1_178' title='bbox 1006 2970 1100 3055; x_wconf 91' lang='lat' dir='ltr'>longo</span> <span class='ocrx_word' id='word_1_179' title='bbox 1116 2968 1261 3053; x_wconf 90' lang='lat' dir='ltr'>temporis</span> 
     </span>
     <span class='ocr_line' id='line_1_23' title="bbox 167 3078 1263 3165; baseline -0.002 -24"><span class='ocrx_word' id='word_1_180' title='bbox 167 3078 331 3143; x_wconf 87' lang='lat' dir='ltr'>intervallo</span> <span class='ocrx_word' id='word_1_181' title='bbox 359 3079 396 3142; x_wconf 87' lang='lat' dir='ltr'>ab</span> <span class='ocrx_word' id='word_1_182' title='bbox 420 3080 458 3142; x_wconf 89' lang='lat' dir='ltr'>iis</span> <span class='ocrx_word' id='word_1_183' title='bbox 482 3080 572 3144; x_wconf 90' lang='lat' dir='ltr'>rebus</span> <span class='ocrx_word' id='word_1_184' title='bbox 598 3088 737 3165; x_wconf 87' lang='lat' dir='ltr'>separato</span> <span class='ocrx_word' id='word_1_185' title='bbox 761 3081 876 3144; x_wconf 90' lang='lat' dir='ltr'>oratori</span> <span class='ocrx_word' id='word_1_186' title='bbox 900 3079 989 3143; x_wconf 90' lang='lat' dir='ltr'>licuit</span> <span class='ocrx_word' id='word_1_187' title='bbox 1011 3079 1137 3163; x_wconf 88' lang='lat' dir='ltr'>impunc</span> <span class='ocrx_word' id='word_1_188' title='bbox 1160 3078 1263 3140; x_wconf 91' lang='lat' dir='ltr'>istius·</span> 
     </span>
     <span class='ocr_line' id='line_1_24' title="bbox 167 3188 1260 3275; baseline -0.005 -23"><span class='ocrx_word' id='word_1_189' title='bbox 167 3189 250 3254; x_wconf 89' lang='lat' dir='ltr'>modi</span> <span class='ocrx_word' id='word_1_190' title='bbox 281 3189 359 3274; x_wconf 92' lang='lat' dir='ltr'>quid</span> <span class='ocrx_word' id='word_1_191' title='bbox 390 3190 513 3275; x_wconf 90' lang='lat' dir='ltr'>fingere.</span> <span class='ocrx_word' id='word_1_192' title='bbox 560 3191 601 3255; x_wconf 81' lang='lat' dir='ltr'>Et</span> <span class='ocrx_word' id='word_1_193' title='bbox 632 3193 664 3254; x_wconf 92' lang='lat' dir='ltr'>in</span> <span class='ocrx_word' id='word_1_194' title='bbox 695 3191 832 3255; x_wconf 88' lang='lat' dir='ltr'>oratioue</span> <span class='ocrx_word' id='word_1_195' title='bbox 863 3193 932 3255; x_wconf 66' lang='grc' dir='ltr'>κατ’</span> <span class='ocrx_word' id='word_1_196' title='bbox 959 3189 1121 3270; x_wconf 66' lang='grc' dir='ltr'>Ἀγοράτου</span> <span class='ocrx_word' id='word_1_197' title='bbox 1152 3188 1169 3270; x_wconf 66' lang='lat' dir='ltr'>b</span> <span class='ocrx_word' id='word_1_198' title='bbox 1201 3189 1260 3262; x_wconf 79' lang='lat' dir='ltr'>la,</span> 
     </span>
     <span class='ocr_line' id='line_1_25' title="bbox 167 3295 1262 3383; baseline -0.004 -21"><span class='ocrx_word' id='word_1_199' title='bbox 167 3299 221 3363; x_wconf 91' lang='lat' dir='ltr'>ubi</span> <span class='ocrx_word' id='word_1_200' title='bbox 245 3299 351 3362; x_wconf 88' lang='lat' dir='ltr'>eadem</span> <span class='ocrx_word' id='word_1_201' title='bbox 375 3321 423 3362; x_wconf 91' lang='lat' dir='ltr'>res</span> <span class='ocrx_word' id='word_1_202' title='bbox 447 3309 602 3377; x_wconf 87' lang='lat' dir='ltr'>narratur,</span> <span class='ocrx_word' id='word_1_203' title='bbox 628 3300 665 3364; x_wconf 93' lang='lat' dir='ltr'>de</span> <span class='ocrx_word' id='word_1_204' title='bbox 690 3298 894 3381; x_wconf 87' lang='lat' dir='ltr'>Nicomacho,</span> <span class='ocrx_word' id='word_1_205' title='bbox 913 3300 968 3383; x_wconf 90' lang='lat' dir='ltr'>qui</span> <span class='ocrx_word' id='word_1_206' title='bbox 985 3298 1065 3362; x_wconf 92' lang='lat' dir='ltr'>nihil</span> <span class='ocrx_word' id='word_1_207' title='bbox 1086 3318 1178 3382; x_wconf 90' lang='lat' dir='ltr'>quam</span> <span class='ocrx_word' id='word_1_208' title='bbox 1194 3295 1262 3359; x_wconf 88' lang='lat' dir='ltr'>sub-</span> 
     </span>
     <span class='ocr_line' id='line_1_26' title="bbox 168 3407 1263 3494; baseline -0.003 -22"><span class='ocrx_word' id='word_1_209' title='bbox 168 3409 359 3473; x_wconf 74' lang='lat' dir='ltr'>ministrasse</span> <span class='ocrx_word' id='word_1_210' title='bbox 390 3409 491 3493; x_wconf 91' lang='lat' dir='ltr'>legem</span> <span class='ocrx_word' id='word_1_211' title='bbox 516 3410 652 3489; x_wconf 88' lang='lat' dir='ltr'>videtur,</span> <span class='ocrx_word' id='word_1_212' title='bbox 685 3433 778 3494; x_wconf 89' lang='lat' dir='ltr'>quam</span> <span class='ocrx_word' id='word_1_213' title='bbox 802 3410 861 3474; x_wconf 88' lang='lat' dir='ltr'>sibi</span> <span class='ocrx_word' id='word_1_214' title='bbox 883 3410 983 3473; x_wconf 86' lang='lat' dir='ltr'>favere</span> <span class='ocrx_word' id='word_1_215' title='bbox 1006 3407 1154 3492; x_wconf 86' lang='lat' dir='ltr'>eligarchi</span> <span class='ocrx_word' id='word_1_216' title='bbox 1177 3415 1263 3492; x_wconf 85' lang='lat' dir='ltr'>puta·</span> 
     </span>
     <span class='ocr_line' id='line_1_27' title="bbox 167 3517 1262 3605; baseline 0.001 -24"><span class='ocrx_word' id='word_1_217' title='bbox 167 3517 259 3596; x_wconf 90' lang='lat' dir='ltr'>baut,</span> <span class='ocrx_word' id='word_1_218' title='bbox 283 3526 412 3583; x_wconf 88' lang='lat' dir='ltr'>tacetur.</span> <span class='ocrx_word' id='word_1_219' title='bbox 460 3520 501 3583; x_wconf 81' lang='grc' dir='ltr'>Ει</span> <span class='ocrx_word' id='word_1_220' title='bbox 533 3521 603 3605; x_wconf 91' lang='lat' dir='ltr'>quis</span> <span class='ocrx_word' id='word_1_221' title='bbox 635 3521 799 3586; x_wconf 88' lang='lat' dir='ltr'>crediderit</span> <span class='ocrx_word' id='word_1_222' title='bbox 823 3528 886 3584; x_wconf 90' lang='lat' dir='ltr'>tam</span> <span class='ocrx_word' id='word_1_223' title='bbox 910 3543 1010 3585; x_wconf 87' lang='lat' dir='ltr'>acrem</span> <span class='ocrx_word' id='word_1_224' title='bbox 1032 3519 1183 3585; x_wconf 86' lang='lat' dir='ltr'>libertatis</span> <span class='ocrx_word' id='word_1_225' title='bbox 1206 3519 1262 3583; x_wconf 92' lang='lat' dir='ltr'>ini-</span> 
     </span>
     <span class='ocr_line' id='line_1_28' title="bbox 170 3628 1263 3717; baseline -0.001 -26"><span class='ocrx_word' id='word_1_226' title='bbox 170 3628 282 3692; x_wconf 89' lang='lat' dir='ltr'>micum</span> <span class='ocrx_word' id='word_1_227' title='bbox 305 3651 323 3692; x_wconf 93' lang='lat' dir='ltr'>a</span> <span class='ocrx_word' id='word_1_228' title='bbox 342 3630 470 3714; x_wconf 88' lang='lat' dir='ltr'>triginta</span> <span class='ocrx_word' id='word_1_229' title='bbox 489 3631 561 3694; x_wconf 86' lang='lat' dir='ltr'>viris</span> <span class='ocrx_word' id='word_1_230' title='bbox 578 3632 712 3717; x_wconf 89' lang='lat' dir='ltr'>primum</span> <span class='ocrx_word' id='word_1_231' title='bbox 728 3631 904 3716; x_wconf 83' lang='lat' dir='ltr'>expulsum,</span> <span class='ocrx_word' id='word_1_232' title='bbox 923 3639 1004 3709; x_wconf 91' lang='lat' dir='ltr'>tum,</span> <span class='ocrx_word' id='word_1_233' title='bbox 1022 3652 1118 3714; x_wconf 91' lang='lat' dir='ltr'>quum</span> <span class='ocrx_word' id='word_1_234' title='bbox 1133 3628 1263 3692; x_wconf 81' lang='lat' dir='ltr'>Euclide</span> 
     </span>
     <span class='ocr_line' id='line_1_29' title="bbox 170 3736 1262 3817; baseline -0.001 -17"><span class='ocrx_word' id='word_1_235' title='bbox 170 3737 315 3801; x_wconf 87' lang='lat' dir='ltr'>archonte</span> <span class='ocrx_word' id='word_1_236' title='bbox 346 3738 490 3817; x_wconf 89' lang='lat' dir='ltr'>redisset,</span> <span class='ocrx_word' id='word_1_237' title='bbox 523 3763 541 3803; x_wconf 87' lang='lat' dir='ltr'>a</span> <span class='ocrx_word' id='word_1_238' title='bbox 572 3741 690 3805; x_wconf 85' lang='lat' dir='ltr'>civibus</span> <span class='ocrx_word' id='word_1_239' title='bbox 715 3740 817 3805; x_wconf 88' lang='lat' dir='ltr'>denuo</span> <span class='ocrx_word' id='word_1_240' title='bbox 840 3741 957 3804; x_wconf 89' lang='lat' dir='ltr'>honore</span> <span class='ocrx_word' id='word_1_241' title='bbox 980 3740 1123 3803; x_wconf 86' lang='lat' dir='ltr'>affectum</span> <span class='ocrx_word' id='word_1_242' title='bbox 1146 3736 1262 3801; x_wconf 82' lang='lat' dir='ltr'>fuisse?</span> 
     </span>
     <span class='ocr_line' id='line_1_30' title="bbox 171 3846 1262 3933; baseline 0.003 -25"><span class='ocrx_word' id='word_1_243' title='bbox 171 3846 316 3910; x_wconf 85' lang='lat' dir='ltr'>Attamen</span> <span class='ocrx_word' id='word_1_244' title='bbox 341 3847 384 3910; x_wconf 88' lang='lat' dir='ltr'>sie</span> <span class='ocrx_word' id='word_1_245' title='bbox 408 3846 598 3912; x_wconf 85' lang='lat' dir='ltr'>Nicomacho</span> <span class='ocrx_word' id='word_1_246' title='bbox 622 3848 742 3913; x_wconf 87' lang='lat' dir='ltr'>accidit.</span> <span class='ocrx_word' id='word_1_247' title='bbox 792 3849 876 3913; x_wconf 89' lang='lat' dir='ltr'>Haec</span> <span class='ocrx_word' id='word_1_248' title='bbox 900 3849 926 3912; x_wconf 91' lang='lat' dir='ltr'>si</span> <span class='ocrx_word' id='word_1_249' title='bbox 949 3849 1084 3913; x_wconf 85' lang='lat' dir='ltr'>interae</span> <span class='ocrx_word' id='word_1_250' title='bbox 1108 3856 1262 3933; x_wconf 86' lang='lat' dir='ltr'>pugnent,</span> 
     </span>
     <span class='ocr_line' id='line_1_31' title="bbox 170 3957 1300 4044; baseline 0.001 -26"><span class='ocrx_word' id='word_1_251' title='bbox 170 3975 241 4018; x_wconf 89' lang='lat' dir='ltr'>vero</span> <span class='ocrx_word' id='word_1_252' title='bbox 264 3964 503 4022; x_wconf 87' lang='lat' dir='ltr'>consentaneum</span> <span class='ocrx_word' id='word_1_253' title='bbox 527 3965 573 4022; x_wconf 89' lang='lat' dir='ltr'>est</span> <span class='ocrx_word' id='word_1_254' title='bbox 595 3960 633 4022; x_wconf 92' lang='lat' dir='ltr'>iis</span> <span class='ocrx_word' id='word_1_255' title='bbox 655 3960 747 4024; x_wconf 90' lang='lat' dir='ltr'>fidem</span> <span class='ocrx_word' id='word_1_256' title='bbox 770 3959 897 4037; x_wconf 89' lang='lat' dir='ltr'>haberi,</span> <span class='ocrx_word' id='word_1_257' title='bbox 922 3981 1000 4044; x_wconf 88' lang='lat' dir='ltr'>quae</span> <span class='ocrx_word' id='word_1_258' title='bbox 1023 3957 1161 4042; x_wconf 87' lang='lat' dir='ltr'>proxime</span> <span class='ocrx_word' id='word_1_259' title='bbox 1183 3958 1263 4021; x_wconf 86' lang='lat' dir='ltr'>facta</span> <span class='ocrx_word' id='word_1_260' title='bbox 1296 4015 1300 4020; x_wconf 87' lang='lat'>.</span> 
     </span>
     <span class='ocr_line' id='line_1_32' title="bbox 172 4068 1264 4154; baseline 0.001 -28"><span class='ocrx_word' id='word_1_261' title='bbox 172 4071 273 4128; x_wconf 88' lang='lat' dir='ltr'>esseut</span> <span class='ocrx_word' id='word_1_262' title='bbox 299 4075 370 4130; x_wconf 90' lang='lat' dir='ltr'>ante</span> <span class='ocrx_word' id='word_1_263' title='bbox 396 4091 536 4152; x_wconf 88' lang='lat' dir='ltr'>praesens</span> <span class='ocrx_word' id='word_1_264' title='bbox 560 4069 728 4148; x_wconf 91' lang='lat' dir='ltr'>iudicium,</span> <span class='ocrx_word' id='word_1_265' title='bbox 753 4070 909 4154; x_wconf 87' lang='lat' dir='ltr'>superiora</span> <span class='ocrx_word' id='word_1_266' title='bbox 932 4071 987 4134; x_wconf 92' lang='lat' dir='ltr'>illa</span> <span class='ocrx_word' id='word_1_267' title='bbox 1009 4091 1026 4132; x_wconf 90' lang='lat' dir='ltr'>a</span> <span class='ocrx_word' id='word_1_268' title='bbox 1050 4090 1120 4131; x_wconf 90' lang='lat' dir='ltr'>vero</span> <span class='ocrx_word' id='word_1_269' title='bbox 1144 4068 1264 4130; x_wconf 90' lang='lat' dir='ltr'>detorta</span> 
     </span>
     <span class='ocr_line' id='line_1_33' title="bbox 170 4175 1263 4264; baseline 0.002 -28"><span class='ocrx_word' id='word_1_270' title='bbox 170 4181 287 4257; x_wconf 90' lang='lat' dir='ltr'>putare.</span> <span class='ocrx_word' id='word_1_271' title='bbox 334 4175 395 4238; x_wconf 87' lang='lat' dir='ltr'>Sed</span> <span class='ocrx_word' id='word_1_272' title='bbox 418 4177 477 4241; x_wconf 88' lang='lat' dir='ltr'>hoc</span> <span class='ocrx_word' id='word_1_273' title='bbox 501 4178 652 4262; x_wconf 89' lang='lat' dir='ltr'>quidquid</span> <span class='ocrx_word' id='word_1_274' title='bbox 677 4185 791 4243; x_wconf 83' lang='lat' dir='ltr'>est-</span> <span class='ocrx_word' id='word_1_275' title='bbox 814 4179 962 4264; x_wconf 82' lang='lat' dir='ltr'>intellego</span> <span class='ocrx_word' id='word_1_276' title='bbox 985 4179 1067 4243; x_wconf 89' lang='lat' dir='ltr'>enirn</span> <span class='ocrx_word' id='word_1_277' title='bbox 1091 4183 1174 4242; x_wconf 87' lang='lat' dir='ltr'>certa</span> <span class='ocrx_word' id='word_1_278' title='bbox 1196 4197 1263 4260; x_wconf 88' lang='lat' dir='ltr'>pro·</span> 
     </span>
     <span class='ocr_line' id='line_1_34' title="bbox 173 4283 1262 4372; baseline 0.004 -27"><span class='ocrx_word' id='word_1_279' title='bbox 173 4283 244 4346; x_wconf 83' lang='lat' dir='ltr'>ferri</span> <span class='ocrx_word' id='word_1_280' title='bbox 275 4306 337 4348; x_wconf 89' lang='lat' dir='ltr'>non</span> <span class='ocrx_word' id='word_1_281' title='bbox 369 4308 474 4371; x_wconf 87' lang='lat' dir='ltr'>posse,</span> <span class='ocrx_word' id='word_1_282' title='bbox 508 4289 692 4354; x_wconf 88' lang='lat' dir='ltr'>coniioiendi</span> <span class='ocrx_word' id='word_1_283' title='bbox 724 4298 826 4354; x_wconf 89' lang='lat' dir='ltr'>tamen</span> <span class='ocrx_word' id='word_1_284' title='bbox 857 4290 974 4354; x_wconf 88' lang='lat' dir='ltr'>veniam</span> <span class='ocrx_word' id='word_1_285' title='bbox 998 4289 1074 4353; x_wconf 89' lang='lat' dir='ltr'>mihi</span> <span class='ocrx_word' id='word_1_286' title='bbox 1096 4296 1184 4372; x_wconf 86' lang='lat' dir='ltr'>peto,</span> <span class='ocrx_word' id='word_1_287' title='bbox 1209 4286 1262 4370; x_wconf 92' lang='lat' dir='ltr'>qui</span> 
     </span>
     <span class='ocr_line' id='line_1_35' title="bbox 173 4398 1262 4482; baseline 0.003 -26"><span class='ocrx_word' id='word_1_288' title='bbox 173 4399 278 4476; x_wconf 90' lang='lat' dir='ltr'>putem</span> <span class='ocrx_word' id='word_1_289' title='bbox 309 4398 429 4482; x_wconf 90' lang='lat' dir='ltr'>saepius</span> <span class='ocrx_word' id='word_1_290' title='bbox 461 4399 542 4464; x_wconf 87' lang='lat' dir='ltr'>iusto</span> <span class='ocrx_word' id='word_1_291' title='bbox 574 4399 735 4464; x_wconf 85' lang='lat' dir='ltr'>mendaces</span> <span class='ocrx_word' id='word_1_292' title='bbox 763 4408 897 4464; x_wconf 89' lang='lat' dir='ltr'>oratores</span> <span class='ocrx_word' id='word_1_293' title='bbox 928 4399 1017 4463; x_wconf 90' lang='lat' dir='ltr'>nobis</span> <span class='ocrx_word' id='word_1_294' title='bbox 1040 4400 1194 4482; x_wconf 89' lang='lat' dir='ltr'>imponere</span> <span class='ocrx_word' id='word_1_295' title='bbox 1217 4432 1262 4443; x_wconf 91' lang='lat'>—</span> 
     </span>
    </p>
   </div>
   <div class='ocr_carea' id='block_1_4' title="bbox 0 0 1580 5210">
    <p class='ocr_par' dir='ltr' id='par_1_4' title="bbox 0 0 1580 5210">
     <span class='ocr_line' id='line_1_36' title="bbox 0 0 1580 5210; baseline 0 0"><span class='ocrx_word' id='word_1_296' title='bbox 0 0 1580 5210; x_wconf 95' lang='lat' dir='ltr'> </span> 
     </span>
    </p>
   </div>
  </div>
 </body>
</html>
