3128 5208
674 466 713 532 27

148 669 293 748 γαμέται.
328 666 462 754 Flegitat
485 665 651 742 sententia,
676 673 709 728 ut
732 662 881 728 scribatur
904 657 970 740 πρὸς
994 658 1063 734 ἐμοῦ
1085 657 1232 732 ductor&

148 781 259 860 μένοι,
288 783 365 857 oded
390 783 447 846 tibi
470 785 569 846 rotam
592 783 770 846 acdeorum
793 796 868 862 ᾳιιοο
885 774 1022 860 promisi.
1070 765 1148 830 Xen.
1173 764 1232 828 An·

149 893 176 957 Ι.
205 897 234 957 9.
261 896 320 958 2οι
344 894 531 970 ὁμολογεῖται
563 891 630 973 πρὸς
662 887 777 956 πάντων
800 886 949 967 ardema
972 881 1115 959 γενέσθαι.
1158 873 1230 938 Oec.

148 1009 190 1087 4,
217 1007 254 1068 2:
278 1003 446 1081 ἄδοξοῦοται
469 1003 536 1084 τρὸο
558 1009 614 1068 τῶν
636 1001 755 1068 τίλεωι.
801 997 880 1064 Plat.
903 994 998 1080 Legg.
1022 990 1079 1056 IV.
1104 989 1165 1054 712
1191 983 1232 1048 E:

147 1114 336 1196 ἀρχαιοτάτη
368 1121 468 1180 πατῶν
495 1114 544 1180 καί
568 1113 636 1194 πρὸς
659 1111 775 1181 aanor
796 1108 943 1188 οίιίοοίπιοι
966 1103 1015 1170 καί
1039 1105 1118 1180 ἡμῶν
1141 1100 1234 1166 αὐτῶν

146 1225 305 1304 λεγομένη.
352 1225 431 1292 Xon.
455 1224 527 1290 Oec.
556 1227 613 1290 16:
638 1228 689 1300 rto
712 1223 771 1288 ιοὸι
792 1259 837 1270 -
859 1221 904 1286 δεῖ
924 1214 995 1283 εἶναι
1013 1215 1103 1288 ὀπτὴν
1123 1209 1165 1277 ὅτι
1178 1209 1236 1288 μοί·

146 1353 241 1404 λιστα
272 1338 340 1416 πρὸς
368 1343 418 1403 τοῦ
442 1337 529 1413 ἡλίου.
576 1334 771 1403 Constructio
795 1334 869 1426 hoec
892 1327 1019 1394 Ionibus
1043 1335 1073 1393 et
1095 1320 1236 1407 tragicis,

148 1448 304 1534 Aeschylo
328 1447 520 1534 potissimum
544 1448 753 1532 frequentata,
769 1445 871 1530 potuit
893 1438 1022 1510 subinde
1038 1431 1236 1521 scriptoribus
1253 1459 1261 1494 ,-

147 1561 262 1628 Attieis
286 1558 433 1626 excidere.
480 1556 552 1624 Non
582 1569 687 1644 aptum
721 1579 802 1634 esse,
836 1575 952 1620 servam
981 1543 1042 1617 dici
1073 1543 1189 1630 aliquid
1219 1565 1238 1606 a

147 1673 276 1741 domino
294 1676 468 1758 pepiyirre,
483 1678 547 1736 aut
569 1669 607 1735 de
631 1670 734 1754 aliqua
756 1691 788 1733 re
808 1669 887 1732 inter
902 1685 1016 1732 servam
1030 1661 1063 1736 'et
1078 1656 1234 1727 murinum

147 1788 337 1860 convectore,
366 1781 497 1866 quisque
520 1779 608 1846 facile
631 1780 751 1849 sentiet.

195 1897 212 1980 ο
235 1896 289 1961 ιι.
335 1893 423 1964 azara
442 1893 466 1956 r
485 1894 542 1972 aa
560 1889 602 1958 re
623 1868 784 1968 ιιοοοοιλ
805 1890 895 1974 (ιλιι
920 1888 970 1964 τοι
990 1887 1146 1970 arrecto.)
1165 1885 1237 1968 aar·

147 2005 258 2087 γμέιιος
282 2003 381 2070 οὐδὲν
403 2001 445 2073 ἂν
467 2004 669 2084 καταλήψοιτο
693 2000 758 2073 οίιιοι
781 2009 837 2068 τῶν
859 1999 1030 2077 ἐπιτηδείαν.
1077 1998 1126 2062 Ita
1149 1995 1236 2062 MSS.

149 2113 246 2185 Οὐδέν
269 2113 433 2200 legendum
457 2137 522 2180 esse
545 2137 607 2182 non
629 2115 728 2184 οὐδένα
752 2114 875 2199 (Bell.)
899 2111 1062 2199 persuadet
1084 2110 1125 2176 H.
1146 2109 1239 2178 Frob-

56 2241 58 2246 '
149 2228 278 2312 berger,
303 2225 415 2294 Philol.
440 2225 509 2290 XV.
534 2250 564 2312 p.
589 2229 669 2300 8403
693 2249 763 2298 nam
778 2225 942 2295 familiares
957 2224 1015 2290 sub
1031 2231 1151 2288 noctem
1167 2243 1238 2286 sarie

150 2338 236 2406 domi
260 2344 356 2404 erant.
403 2336 462 2402 Sed
485 2359 548 2406 non
570 2338 647 2406 mihi
670 2338 809 2424 probavit
830 2336 867 2403 ἄν
890 2360 958 2405 oum
983 2336 1087 2400 loturo
1111 2331 1238 2418 optativi

148 2450 238 2534 iungi
270 2470 368 2533 posse.
410 2448 468 2516 ’Ἂν
498 2471 568 2518 cum
600 2457 694 2536 optat.
725 2473 778 2537 per
808 2472 839 2514 se
870 2449 929 2522 iam
956 2447 1054 2515 loturi
1082 2445 1236 2516 nooman

148 2559 398 2645 comprehendit,
430 2581 485 2627 nec
515 2560 612 2625 torma
642 2561 726 2635 verbi
757 2561 861 2626 futura
888 2559 1056 2644 quidquam
1079 2578 1157 2642 opus
1181 2562 1236 2620 est.

148 2670 216 2736 Nec
243 2670 479 2738 ratiocinatione
510 2670 567 2736 hoc
599 2672 705 2738 confici
736 2679 854 2758 potest3
887 2693 975 2756 saepe
1005 2692 1079 2738 usus
1103 2665 1236 2752 spernit,

147 2805 229 2868 quae
252 2782 331 2852 ratio
354 2803 416 2848 non
439 2782 599 2868 improbat.
635 2783 718 2850 Bene
741 2791 843 2851 aetum
866 2783 940 2860 erit,
957 2782 983 2849 si
999 2803 1108 2858 urum,
1128 2782 1164 2848 e
1183 2801 1238 2863 quo

144 2899 240 2980 praua
263 2898 399 2958 constare
420 2896 520 2971 debet,
544 2895 661 2959 ratione
683 2894 845 2970 defendere
868 2894 1029 2980 possimus.
1065 2891 1098 2956 Si
1120 2891 1237 2956 rationo
1272 2925 1276 2934 ·

149 3013 272 3072 tantum
305 3002 457 3088 agendum
488 3013 584 3083 esset,
614 3005 744 3072 dicerem
767 3005 803 3074 ab
827 3029 897 3070 oum
920 3005 1025 3072 futuro
1048 3003 1175 3088 optativi
1199 3025 1237 3068 ne

150 3115 209 3182 sub
239 3115 420 3185 condicione
451 3117 575 3202 quidem
599 3118 715 3203 aliquid
743 3119 776 3184 in
798 3118 904 3188 tuturo
928 3115 1022 3182 dubio
1046 3116 1145 3183 maios
1170 3136 1236 3199 pro-

151 3248 282 3314 ponere,
307 3227 361 3294 sed
384 3236 503 3294 tantum
529 3229 694 3316 probabile.
730 3229 844 3297 Verum
868 3230 900 3296 in
923 3228 1010 3294 nullo
1031 3249 1125 3313 paene
1142 3248 1238 3295 exem·

150 3337 203 3423 plo
233 3339 431 3408 consentiunt
465 3341 545 3406 libri.
591 3340 690 3406 Locos
726 3341 848 3426 collegit
879 3340 1056 3416 Ba'umlein,
1088 3337 1237 3406 Untersu·

151 3450 294 3546 eburgeri
317 3451 393 3520 iiber
416 3452 465 3517 die
489 3453 707 3521 Griechischen
730 3453 833 3531 Modi,
858 3477 887 3539 p.
910 3454 984 3516 296.
1016 3449 1145 3516 Omissis
1160 3447 1236 3526 illis,

152 3560 190 3634 de
220 3560 334 3646 quibus
362 3564 427 3647 ipse
450 3563 588 3642 dubitat,
614 3572 729 3629 restant
752 3564 830 3628 Xan.
856 3563 915 3633 GP.
940 3561 1014 3626 VII.
1039 3565 1069 3626 3.
1097 3563 1156 3637 10,
1179 3558 1238 3644 Ly-

135 3673 237 3758 eurg.
268 3673 302 3737 in
332 3672 448 3745 Leoor.
473 3678 510 3738 15
536 3682 566 3740 et
590 3683 692 3740 noster
715 3676 810 3740 locus.
835 3674 895 3740 Sed
917 3673 1052 3760 Lycurgi
1074 3680 1105 3735 et·
1127 3669 1237 3754 Lysiae

152 3779 237 3848 libris
262 3785 293 3848 in
316 3784 371 3850 tali
394 3785 586 3852 dubitatione
610 3809 671 3852 non
694 3759 1042 3855 multum'tribuendum
1058 3791 1113 3849 est.
1144 3781 1237 3868 Apud
1274 3791 1275 3796 ’

154 3892 231 3959 Xen.
256 3917 318 3969 non
342 3897 538 3972 consentiunt
561 3896 667 3975 codd.;
692 3920 747 3983 pro
769 3898 799 3963 τί
821 3895 858 3962 dr
880 3896 1001 3972 ποιήσας
1024 3919 1065 3960 τοι
1088 3895 1237 3976 χαρίτοιτο

156 4005 262 4088 (forma
293 4005 436 4084 barbara,
465 4007 583 4092 opinor)
606 4007 770 4094 legendum
793 4030 863 4072 oum
886 4006 1045 4075 Diodorfio
1069 4004 1236 4086 χαρίσαιτο.

196 4119 214 4202 b
236 4120 287 4182 24.
333 4118 517 4198 οίιεῳγοοέιοις
540 4127 593 4200 rste
608 4121 693 4200 ίύοας
709 4119 759 4186 καί
776 4119 831 4184 err
846 4126 898 4192 τῆς
913 4118 1057 4198 dudeciaco
1076 4139 1235 4196 ταοεοκειι·

155 4227 288 4306 οσαέιιηο.
335 4228 408 4294 Non
438 4230 583 4316 intellego
615 4231 689 4314 quid
720 4231 779 4296 sibi
809 4230 904 4294 velint
928 4234 1123 4318 praeparatae
1146 4225 1234 4291 fores.

155 4335 234 4405 lore.
256 4339 306 4414 ael
330 4349 382 4414 τῆς
405 4341 547 4419 οίνίοοίτου
570 4341 862 4423 παρεσκευασμένας,
884 4345 1005 4406 aena.

197 4451 213 4534 d
235 4453 286 4517 29.
322 4449 449 4532 Nullam
472 4453 548 4520 mihi
567 4455 792 4521 excusationem
808 4453 918 4518 habere
934 4451 1054 4517 videtur
1070 4469 1145 4514 usus
1165 4467 1236 4518 oon·
